@book{baggett2004,
  title={The Scalawags: Southern Dissenters in the Civil War and Reconstruction},
  author={Baggett, James Alex},
  year={2004},
  publisher={LSU Press}
}

@book{mills1994,
  title={Southern Loyalists in the Civil War: The Southern Claims Commission},
  author={Mills, Gary B},
  year={1994},
  publisher={Genealogical Publishing Company}
}

@book{house1892,
  title={Consolidated index of claims reported by the Commissioners of Claims to the House of Representatives from l871 to 1880},
  author={United States Congress},
  year={1892},
  publisher={Government Printing Office}
}

@book{lee2014,
  title={Claiming the Union: Citizenship in the Post-Civil War South},
  author={Lee, Susanna Michele},
  year={2014},
  publisher={Cambridge University Press}
}

@book{klingberg1955,
  title={The Southern Claims Commission},
  author={Klingberg, Frank Wysor},
  year={1955},
  publisher={University of California Press}
}

@misc{ipums,
  title={Integrated Public Use Microdata Series: Version 6.0 [Machine-readable database]},
  key={Ruggles, Steven, Genadek, Katie, Goeken, Ronald, Grover, Josiah, and Matthew Sobek},
  note={Minneapolis: University of Minnesota, 2015}
}

@article{hinton2012,
  title={Improving neural networks by preventing co-adaptation of feature detectors},
  author={Hinton, Geoffrey E and Srivastava, Nitish and Krizhevsky, Alex and Sutskever, Ilya and Salakhutdinov, Ruslan R},
  journal={arXiv:1207.0580},
  year={2012}
}

@misc{napp2008,
  title={North Atlantic Population Project: Complete Count Microdata. Version 2.2 [Machine-readable database]},
  key={Minnesota Population Center},
  note={Minneapolis: Minnesota Population Center, 2015}
}

@article{trelease1963,
  title={Who were the Scalawags?},
  author={Trelease, Allen W},
  journal={The Journal of Southern History},
  pages={445--468},
  year={1963},
  publisher={JSTOR}
}

@article{ellem1972,
  title={Who Were the Mississippi Scalawags?},
  author={Ellem, Warren A},
  journal={The Journal of Southern History},
  pages={217--240},
  year={1972},
  publisher={JSTOR}
}

@article{olsen1966,
  title={Reconsidering the Scalawags},
  author={Olsen, Otto H},
  journal={Civil War History},
  volume={12},
  number={4},
  pages={304--320},
  year={1966},
  publisher={The Kent State University Press}
}

@article{kolchin1979,
  title={Scalawags, Carpetbaggers, and reconstruction: A quantitative look at southern congressional politics, 1868-1872},
  author={Kolchin, Peter},
  journal={The Journal of Southern History},
  pages={63--76},
  year={1979},
  publisher={JSTOR}
}

@article{donald1944,
  title={The Scalawag in Mississippi Reconstruction},
  author={Donald, David H},
  journal={The Journal of Southern History},
  volume={10},
  number={4},
  pages={447--460},
  year={1944},
  publisher={JSTOR}
}

@book{perman1973,
  title={Reunion Without Compromise: The South and Reconstruction: 1865-1868},
  author={Perman, Michael},
  year={1973},
  publisher={CUP Archive}
}

@book{dorris1953,
  title={Pardon and Amnesty Under Lincoln and Johnson: The Restoration of the Confederates to Their Rights and Privileges, 1861-1898},
  author={Dorris, Jonathan Truman},
  year={1953},
  publisher={University of North Carolina Press}
}

@book{scott1901,
  title={The War of the Rebellion: A Compilation of the Official Records of the Union and Confederate Armies},
  author={Scott, Robert Nicholson and Lazelle, Henry Martyn and Davis, George Breckenridge and Kirkley, Joseph William and Perry, Leslie J and Ainsworth, Fred Crayton and Moodey, John Sheldon and Cowles, Calvin Duvall},
  year={1901},
  publisher={US Government Printing Office}
}

@book{hume2008,
  title={Blacks, carpetbaggers, and scalawags: The constitutional conventions of radical reconstruction},
  author={Hume, Richard L and Gough, Jerry B},
  year={2008},
  publisher={LSU Press}
}

@book{sharkey1967,
  title={Money, Class, and Party: An Economic Study of Civil War and Reconstruction},
  author={Sharkey, Robert P},
  volume={77},
  number={2},
  year={1967},
  publisher={Johns Hopkins Press}
}

@book{perman1985,
  title={The road to redemption: Southern politics, 1869-1879},
  author={Perman, Michael},
  year={1985},
  publisher={Univ of North Carolina Press}
}

@book{bensel1990,
  title={Yankee Leviathan: the Origins of Central State Authority in America, 1859-1877},
  author={Bensel, Richard Franklin},
  year={1990},
  publisher={Cambridge University Press}
}

@book{blaine1886,
  title={Twenty Years of Congress: from Lincoln to Garfield: With a Review of the Events which Led to the Political Revolution of 1860},
  author={Blaine, James Gillespie},
  volume={2},
  year={1886},
  publisher={Henry Bill Publishing Company}
}

@book{alston1999,
  title={Southern Paternalism and the American Welfare State: Economics, Politics, and Institutions in the South, 1865-1965},
  author={Alston, Lee J and Ferrie, Joseph P},
  year={1999},
  publisher={JSTOR}
}

@book{fleming1905,
  title={Civil War and Reconstruction in Alabama},
  author={Fleming, Walter Lynwood},
  year={1905},
  publisher={Arthur H. Clark}
}

@book{acemoglu2005,
  title={Economic Origins of Dictatorship and Democracy},
  author={Acemoglu, Daron and Robinson, James A},
  year={2005},
  publisher={Cambridge University Press}
}

@article{moore1966,
  title={Social origins of democracy and dictatorship},
  author={Moore, Barrington},
  journal={Boston: Beacon},
  year={1966}
}

@book{avery1881,
  title={The History of the State of Georgia from 1850 to 1881: Embracing the Three Important Epochs: the Decade Before the War of 1861-5; the War; the Period of Reconstruction},
  author={Avery, Isaac Wheeler},
  year={1881},
  publisher={AMS Press}
}

@article{ancestry2011,
  title={Property Tax Digests, 1793-1892 [database on-line]},
  year={2011},
  author={Ancestry.com},
  journal={Provo, UT, USA: Ancestry.com Operations Inc, 2008}
}

@book{archives1890,
  title={Georgia Tax Digests},
  author={Georgia Archives},
  year={1890},
  publisher={Morrow, Georgia: Georgia Archives}
}

@book{rowe1996,
  title={Index to individual pardon applications from the {S}outh, 1865-1898},
  author={Rowe, Carolyn McGough},
  year={1996},
  publisher={Pensacola, Florida : Bodree Printing}
}

@book{douthat1999,
  title={Special Presidential Pardons for Confederate Soldiers: A Listing of Former Confederate Soldiers Requesting Pardon from President Andrew Johnson},
  author={Douthat, James L.},
  year={1999},
  publisher={Signal Mountain, Tenn.: Mountain Press}
}

@book{official1865,
  title={Register of Officers and Agents, Civil, Military, and Naval, in the Service of the United States, on the Thirtieth September, 1865},
  author={US Secretary of the Interior},
  year={1865},
  publisher={Washington, D.C.: Government Printing Office}
}

@article{ancestry2008b,
  title={U.S. IRS Tax Assessment Lists, 1862-1918 [database on-line]},
  year={2008},
  author={Ancestry.com},
  journal={Provo, UT, USA: Ancestry.com Operations Inc, 2008}
}

@misc{house-amnesty,
  title= {Final report of the names of persons engaged in rebellion who have been pardoned by the President.},
  key = {House of Representatives},
  note   = {40th Congress, 2d Session. Ex. Doc. No. 16.},
}

@misc{tnlists,
  title= {Civil War Direct Tax Assessment Lists: Tennessee},
  key = {National Archives},
  note   = {National Archives Microfilm Publication T227, 6 rolls; Records of the Accounting Officers of the Department of the Treasury, Record Group 217; The National Archives at Washington, D.C.},
}

@misc{ancestry1860census,
  title={1860 United States Federal Census [database on-line]},
    key = {Ancestry.com},
  note={Provo, UT, USA: Ancestry.com Operations, Inc., 2009. Images reproduced by FamilySearch.
Original data: 1860 U.S. census, population schedule. NARA microfilm publication M653, 1,438 rolls. Washington, D.C.: National Archives and Records Administration, n.d.}
}

@misc{ancestry1870census,
  title={1870 United States Federal Census [database on-line]},
    key = {Ancestry.com},
  note={Provo, UT, USA: Ancestry.com Operations, Inc., 2009. Images reproduced by FamilySearch.
Original data: 1870 U.S. census, population schedules. NARA microfilm publication M593, 1,761 rolls. Washington, D.C.: National Archives and Records Administration, n.d. Minnesota census schedules for 1870. NARA microfilm publication T132, 13 rolls. Washington, D.C.: National Archives and Records Administration, n.d.}
}

@misc{ancestry2008,
  title={Confederate Applications for Presidential Pardons, 1865-1867 [database on-line]},
  key={Ancestry.com},
  note={Provo, UT, USA: Ancestry.com Operations Inc, 2008. Original data: Case Files of Applications From Former Confederates for Presidential Pardons (?Amnesty Papers?) 1865-1867; (National Archives Microfilm Publication M1003, 73 rolls); Records of the Adjutant General?s Office, 1780?s-1917, Record Group 94; National Archives, Washington, D.C.}
}

@misc{slavepums,
  title={Public Use Microdata Samples of the Slave Population of 1850-1860},
  key={Menard, Russell, Alexander, Trent, Digman, Jason, and J. David Hacker },
  note={Minneapolis: Minnesota Population Center, 2004}
}

@article{goeken2011,
  title={New methods of census record linking},
  author={Goeken, Ron and Huynh, Lap and Lynch, TA and Vick, Rebecca},
  journal={Historical methods},
  volume={44},
  number={1},
  pages={7--14},
  year={2011},
  publisher={Taylor \& Francis}
}

@techreport{feigenbaum2015,
  title={Automated Census Record Linking},
  author={Feigenbaum, James},
  year={2015},
  institution={Working paper}
}

@misc{christen2013,
  title={Freely extensible biomedical record linkage (FEBRL)},
  key={Christen, Peter and Churches, Tim},
  note={\url{http://sourceforge.net/projects/febrl/}}
}

@article{vick2011,
  title={The effects of standardizing names for record linkage: Evidence from the {U}nited {S}tates and {N}orway},
  author={Vick, Rebecca and Huynh, Lap},
  journal={Historical Methods},
  volume={44},
  number={1},
  pages={15--24},
  year={2011},
  publisher={Taylor \& Francis}
}

@inproceedings{heskes1997,
  title={Practical confidence and prediction intervals for prediction tasks},
  author={Heskes, T and Wiegerinck, WAJJ and Kappen, HJ},
  booktitle={Advances in Neural Information Processing Systems 9: Proceedingss of the 1996 Conference},
  year={1997},
  publisher={MIT Press}
}

@article{calonico2014,
  title={Robust Nonparametric Confidence Intervals for Regression-Discontinuity Designs},
  author={Calonico, Sebastian and Cattaneo, Matias D and Titiunik, Rocio},
  journal={Econometrica},
  volume={82},
  number={6},
  pages={2295--2326},
  year={2014},
  publisher={Wiley Online Library}
}

@article{calonico2015optimal,
  title={Optimal Data-Driven Regression Discontinuity Plots},
  author={Calonico, Sebastian and Cattaneo, Matias D and Titiunik, Roc{\'\i}o},
  journal={Journal of the American Statistical Association},
  volume={110},
  number={512},
  pages={1753--1769},
  year={2015},
  publisher={Taylor \& Francis}
}

@article{cattaneo2015randomization,
  title={Randomization inference in the regression discontinuity design: An application to party advantages in the US Senate},
  author={Cattaneo, Matias D and Frandsen, Brigham R and Titiunik, Rocio},
  journal={Journal of Causal Inference},
  volume={3},
  number={1},
  pages={1--24},
  year={2015}
}

@article{imbens2011,
  title={Optimal bandwidth choice for the regression discontinuity estimator},
  author={Imbens, Guido and Kalyanaraman, Karthik},
  journal={The Review of Economic Studies},
  pages={rdr043},
  year={2011},
  publisher={Oxford University Press}
}

@article{hahn2001,
  title={Identification and estimation of treatment effects with a regression-discontinuity design},
  author={Hahn, Jinyong and Todd, Petra and Van der Klaauw, Wilbert},
  journal={Econometrica},
  volume={69},
  number={1},
  pages={201--209},
  year={2001},
  publisher={Wiley Online Library}
}

@article{gates1942role,
  title={The Role of the Land Speculator in Western Development},
  author={Gates, Paul W},
  journal={The Pennsylvania Magazine of History and Biography},
  volume={66},
  number={3},
  pages={314--333},
  year={1942},
  publisher={JSTOR}
}

@article{imbens2008,
  title={Regression discontinuity designs: A guide to practice},
  author={Imbens, Guido W and Lemieux, Thomas},
  journal={Journal of econometrics},
  volume={142},
  number={2},
  pages={615--635},
  year={2008},
  publisher={Elsevier}
}

@article{neyman1923,
  title={On the application of probability theory to agricultural experiments},
  author={Neyman, Jerzy},
  journal={Annals of Agricultural Sciences},
  volume={51},
  number={1},
  year={1923},
  note={Reprinted in \cite{splawa1990}}
}

@article{splawa1990,
  title={On the application of probability theory to agricultural experiments. Essay on principles. Section 9},
  author={Splawa-Neyman, Jerzy and Dabrowska, DM and Speed, TP and others},
  journal={Statistical Science},
  volume={5},
  number={4},
  pages={465--472},
  year={1990},
  publisher={Institute of Mathematical Statistics}
}

@book{imbens2015,
  title={Causal Inference in Statistics, Social, and Biomedical Sciences},
  author={Imbens, Guido W and Rubin, Donald B},
  year={2015},
  publisher={Cambridge University Press}
}

@book{anderson1997,
  author = {Anderson, Joseph K. and Bearden, Susan E.},
  title = {Kiowa-Comanche-Apache land opening 1901, homestead entry listing : Lawton District},
  year = {1997},
  publisher = {Lawton, OK: Museum of the Great Plains},
}

@book{watson1988,
  author = {Watson, Larry S.},
  title = {Names of the El Reno Land District, Homesteader Filings, 1902},
  year = {1988},
  publisher = {Guthrie, OK.: H.H. Edwards},
}

@article{caughey2011,
  title={Elections and the regression discontinuity design: Lessons from close {U.S.} {H}ouse races, 1942--2008},
  author={Caughey, Devin and Sekhon, Jasjeet S},
  journal={Political Analysis},
  volume={19},
  number={4},
  pages={385--408},
  year={2011},
  publisher={SPM-PMSAPSA}
}

@article{hyytinen2014,
  title={Does Regression Discontinuity Design Work? Evidence from Random Election Outcomes},
  author={Hyytinen, Ari and Meril{\"a}inen, Jaakko and Saarimaa, Tuukka and Toivanen, Otto and Tukiainen, Janne},
  journal={Government Institute for Economic Research Working Papers},
  number={59},
  year={2014}
}

@article{ludwig2007,
  title={Does Head Start Improve Children's Life Chances? Evidence from a Regression Discontinuity Design},
  author={Ludwig, Jens and Miller, Douglas L and others},
  journal={The Quarterly Journal of Economics},
  volume={122},
  number={1},
  pages={159--208},
  year={2007},
  publisher={Oxford University Press}
}

@article{bohanon1998costs,
  title={The costs of free land: The Oklahoma land rushes},
  author={Bohanon, Cecil E and Coelho, Philip RP},
  journal={The Journal of Real Estate Finance and Economics},
  volume={16},
  number={2},
  pages={205--221},
  year={1998},
  publisher={Springer}
}

@misc{williamson2017seven,
  title={Seven ways to compute the relative value of a US dollar amount, 1774 to present},
  author={Williamson, Samuel H},
  howpublished={\url{MeasuringWorth.com}},
  year={2017},
  note = {[Online; accessed 01-October-2017]}
}

@article{carter2006,
  title={Historical statistics of the United States: Millennial Edition},
  author={Carter, Susan B and Gartner, Scott S and Haines, Michael R and Olmstead, Alan L and Sutch, Richard and Wright, Gavin},
  year={2006},
  publisher={Cambridge: Cambridge University Press}
}

@article{steckel1994,
  title={Census Manuscript Schedules Matched with Property Tax Lists: A Source of Information on Long-Term Trends in Wealth Inequality},
  author={Steckel, Richard H},
  journal={Historical Methods},
  volume={27},
  number={2},
  pages={71--85},
  year={1994},
  publisher={Taylor \& Francis}
}

@book{foner2011,
  title={Reconstruction: America's Unfinished Revolution, 1863-1877},
  author={Foner, Eric},
  year={2011},
  publisher={Harper Collins}
}

@article{gerber2015,
  title={Can incarcerated felons be (Re) integrated into the political system? Results from a field experiment},
  author={Gerber, Alan S and Huber, Gregory A and Meredith, Marc and Biggers, Daniel R and Hendry, David J},
  journal={American Journal of Political Science},
  volume={59},
  number={4},
  pages={912--926},
  year={2015},
  publisher={Wiley Online Library}
}

@article{gerber2015does,
  title={Does Incarceration Reduce Voting? Evidence about the Political Consequences of Spending Time in Prison from Pennsylvania and Connecticut},
  author={Gerber, Alan S and Biggers, Daniel R and Hendry, David J}
}

@article{meredith2014,
  title={Do voting rights notification laws increase ex-felon turnout?},
  author={Meredith, Marc and Morse, Michael},
  journal={The ANNALS of the American Academy of Political and Social Science},
  volume={651},
  number={1},
  pages={220--249},
  year={2014},
  publisher={SAGE Publications}
}

@article{meredith2015,
  title={The politics of the restoration of ex-felon voting rights: The case of Iowa},
  author={Meredith, Marc and Morse, Michael and others},
  journal={Quarterly Journal of Political Science},
  volume={10},
  number={1},
  pages={41--100},
  year={2015},
  publisher={Now Publishers, Inc.}
}

@book{carpenter2001,
  title={The Forging of Bureaucratic Autonomy: Reputations, Networks, and Policy Innovation in Executive Agencies, 1862-1928},
  author={Carpenter, Daniel P},
  year={2001},
  publisher={Princeton, NJ: Princeton University Press}
}

@book{dunning1907,
  title={Reconstruction, Political and Economic, 1865-1877},
  author={Dunning, William Archibald},
  volume={22},
  year={1907},
  publisher={Harper \& Brothers}
}

@article{weaver2010,
  title={Political consequences of the carceral state},
  author={Weaver, Vesla M and Lerman, Amy E},
  journal={American Political Science Review},
  volume={104},
  number={04},
  pages={817--833},
  year={2010},
  publisher={Cambridge Univ Press}
}

@article{pierson1993,
  title={When effect becomes cause: Policy feedback and political change},
  author={Pierson, Paul},
  journal={World politics},
  volume={45},
  number={04},
  pages={595--628},
  year={1993},
  publisher={Cambridge Univ Press}
}

@article{lazer2011,
  title={Networks in political science: Back to the future},
  author={Lazer, David},
  journal={PS: Political Science \& Politics},
  volume={44},
  number={01},
  pages={61--68},
  year={2011},
  publisher={Cambridge Univ Press}
}

@article{zeiler2012adadelta,
  title={ADADELTA: an adaptive learning rate method},
  author={Zeiler, Matthew D},
  journal={arXiv:1212.5701},
  year={2012}
}

@article{granovetter1973,
  title={The Strength of Weak Ties},
  author={Granovetter, Mark S},
  journal={American Journal of Sociology},
  pages={1360--1380},
  year={1973},
  publisher={JSTOR}
}

@article{harper1964,
  title={William A. Dunning: The Historian as Nemesis},
  author={Harper, Alan D},
  journal={Civil War History},
  volume={10},
  number={1},
  pages={54--66},
  year={1964},
  publisher={The Kent State University Press}
}

@article{rubin1990,
  title={Comment: Neyman (1923) and Causal Inference in Experiments and Observational Studies},
  author={Rubin, Donald B},
  journal={Statistical Science},
  volume={5},
  number={4},
  pages={472--480},
  year={1990}
}

@book{imbens2015,
  title={Causal Inference in Statistics, Social, and Biomedical Sciences},
  author={Imbens, Guido W and Rubin, Donald B},
  year={2015},
  publisher={Cambridge University Press}
}

@article{van2007,
  title={Super Learner},
  author={van der Laan, Mark J and Polley, Eric C and Hubbard, Alan E},
  journal={Statistical Applications in Genetics and Molecular Biology},
  volume={6},
  number={1},
  year={2007}
}

@article{grimmer2014,
  title={Estimating Heterogeneous Treatment Effects and the Effects of Heterogeneous Treatments with Ensemble Methods},
  author={Grimmer, Justin and Messing, Solomon and Westwood, Sean J},
  year={2014}, 
  journal={\url{http://stanford.edu/~jgrimmer/het.pdf}}
}

@article{hahn2001,
  title={Identification and estimation of treatment effects with a regression-discontinuity design},
  author={Hahn, Jinyong and Todd, Petra and Van der Klaauw, Wilbert},
  journal={Econometrica},
  volume={69},
  number={1},
  pages={201--209},
  year={2001},
  publisher={Wiley Online Library}
}

@techreport{tukiainen2015,
  title={Does Regression Discontinuity Design Work? Evidence from Random Election Outcomes},
  author={Tukiainen, Janne and Saarimaa, Tuukka and Hyytinen, Ari and Meril{\"a}inen, Jaakko and Toivanen, Otto and others},
  year={2015}
}

@article{lee2008,
  title={Randomized experiments from non-random selection in US House elections},
  author={Lee, David S},
  journal={Journal of Econometrics},
  volume={142},
  number={2},
  pages={675--697},
  year={2008},
  publisher={Elsevier}
}

@article{lee2010,
  title={Regression Discontinuity Designs in Economics},
  author={Lee, David S and Lemieux, Thomas},
  journal={Journal of Economic Literature},
  volume={48},
  pages={281--355},
  year={2010}
}

@book{turner1956significance,
  title={The Significance of the Frontier in American History},
  author={Turner, Frederick Jackson},
  year={1956},
  publisher={Ithaca, NY: Cornell University Press}
}

@book{turner2010frontier,
  title={The Frontier in American History},
  author={Turner, Frederick Jackson and Bogue, Allan G},
  year={2010},
  origdate={1920},
  publisher={Courier Corporation}
}

@article{list2003does,
  title={Does market experience eliminate market anomalies?},
  author={List, John A},
  journal={The Quarterly Journal of Economics},
  volume={118},
  number={1},
  pages={41--71},
  year={2003},
  publisher={Oxford University Press}
}

@article{mealli2012,
  title={Evaluating the Effects of University Grants by Using Regression Discontinuity Designs},
  author={Mealli, Fabrizia and Rampichini, Carla},
  journal={Journal of the Royal Statistical Society: Series A (Statistics in Society)},
  volume={175},
  number={3},
  pages={775--798},
  year={2012},
  publisher={Wiley Online Library}
}

@misc{kane2003,
  title={A quasi-experimental estimate of the impact of financial aid on college-going},
  author={Kane, Thomas J},
  year={2003},
  institution={National Bureau of Economic Research. Available at \url{http://www.nber.org/papers/w9703}}
}

@article{lalive2008,
  title={How do extended benefits affect unemployment duration? A regression discontinuity approach},
  author={Lalive, Rafael},
  journal={Journal of Econometrics},
  volume={142},
  number={2},
  pages={785--806},
  year={2008},
  publisher={Elsevier}
}

@article{thistlethwaite1960,
  title={Regression-discontinuity analysis: An alternative to the ex post facto experiment.},
  author={Thistlethwaite, Donald L and Campbell, Donald T},
  journal={Journal of Educational psychology},
  volume={51},
  number={6},
  pages={309},
  year={1960},
  publisher={American Psychological Association}
}

@article{eggers2009,
  title={MPs for sale? Returns to office in postwar British politics},
  author={Eggers, Andrew C and Hainmueller, Jens},
  journal={American Political Science Review},
  volume={103},
  number={04},
  pages={513--533},
  year={2009},
  publisher={Cambridge Univ Press}
}

@article{querubin2013,
  title={The Control of Politicians in Normal Times and Times of Crisis: Wealth Accumulation by US Congressmen, 1850--1880},
  author={Querubin, Pablo and Snyder, James M},
  journal={Quarterly Journal of Political Science},
  volume={8},
  number={4},
  pages={409--450},
  year={2013},
  publisher={Now Publishers}
}

@article{querubin2011,
  title={Wealth accumulation by {US} congressmen, 1845-1875: Were the {C}ivil {W}ar years exceptional (ly good)?},
  author={Querubin, Pablo and Snyder Jr, James M},
  journal={Harvard Academy For International And Area Studies, NBER Working Paper Series},
  volume={17634},
  year={2011}
}

@article{eggers2015,
  title={On the validity of the regression discontinuity design for estimating electoral effects: New evidence from over 40,000 close races},
  author={Eggers, Andrew C and Fowler, Anthony and Hainmueller, Jens and Hall, Andrew B and Snyder, James M},
  journal={American Journal of Political Science},
  volume={59},
  number={1},
  pages={259--274},
  year={2015},
  publisher={Wiley Online Library}
}

@book{winters2011,
  title={Oligarchy},
  author={Winters, Jeffrey A},
  year={2011},
  publisher={Cambridge University Press}
}

@article{winters2009,
  title={Oligarchy in the United States?},
  author={Winters, Jeffrey A and Page, Benjamin I},
  journal={Perspectives on Politics},
  volume={7},
  number={04},
  pages={731--751},
  year={2009},
  publisher={Cambridge Univ Press}
}

@article{gilens2014,
  title={Testing Theories of American Politics: Elites, Interest Groups, and Average Citizens},
  author={Gilens, Martin and Page, Benjamin I},
  journal={Perspectives on politics},
  volume={12},
  number={03},
  pages={564--581},
  year={2014},
  publisher={Cambridge University Press}
}

@article{saez2016,
  title={Wealth Inequality in the United States Since 1913: Evidence from Capitalized Income Tax Data},
  author={Saez, Emmanuel and Zucman, Gabriel},
  year={2016},
  journal={Quarterly Journal of Economics},
  publisher={Oxford University Press}
}

@article{carnes2012,
  title={Does the Numerical Underrepresentation of the Working Class in Congress Matter?},
  author={Carnes, Nicholas},
  journal={Legislative Studies Quarterly},
  volume={37},
  number={1},
  pages={5--34},
  year={2012},
  publisher={Wiley Online Library}
}

@article{mccrary2008,
  title={Manipulation of the running variable in the regression discontinuity design: A density test},
  author={McCrary, Justin},
  journal={Journal of Econometrics},
  volume={142},
  number={2},
  pages={698--714},
  year={2008},
  publisher={Elsevier}
}

@misc{cattaneo2015simple,
  title={Simple Local Regression Distribution Estimators with an Application to Manipulation Testing},
  author={Cattaneo, Matias D and Jansson, Michael and Ma, Xinwei},
  year={2015},
  note={Available at \url{http://www-personal.umich.edu/~cattaneo/papers/Cattaneo-Jansson-Ma_2016_LocPolDensity.pdf}}
}

@book{ferguson1767,
  title={An Essay on the History of Civil Society},
  author={Ferguson, Adam},
  year={1767},
  note={Pt. 4.2}
}

@article{madison1787,
  title={Federalist 10},
  author={Madison, James},
  journal={The Federalist Papers},
  pages={77--84},
  year={1787},
  publisher={New York: Penguin}
}

@book{beard1913,
  title={An Economic Interpretation of the Constitution of the United States},
  author={Beard, Charles A},
  year={1913},
  publisher={McMaster University Archive for the History of Economic Thought}
}

@article{freedman2006,
  title={Statistical Models for Causation What Inferential Leverage Do They Provide?},
  author={Freedman, David A},
  journal={Evaluation review},
  volume={30},
  number={6},
  pages={691--713},
  year={2006},
  publisher={Sage Publications}
}

@book{mckitrick1988,
  title={Andrew Johnson and Reconstruction},
  author={McKitrick, Eric L},
  year={1988},
  publisher={Oxford University Press on Demand}
}

@article{querubin2013,
  title={The Control of Politicians in Normal Times and Times of Crisis: Wealth Accumulation by US Congressmen, 1850--1880},
  author={Querubin, Pablo and Snyder Jr, James M and others},
  journal={Quarterly Journal of Political Science},
  volume={8},
  number={4},
  pages={409--450},
  year={2013},
  publisher={Now Publishers, Inc.}
}

@article{foner2015,
  author  = {Foner, Eric}, 
  title   = {Why Reconstruction Matters},
  journal = {The New York Times},
  year    = {2015},
  month   = {March},
  url     = {http://www.nytimes.com/2015/03/29/opinion/sunday/why-reconstruction-matters.html?_r=0}
}

@article{freedman2006,
  title={Statistical Models for Causation What Inferential Leverage Do They Provide?},
  author={Freedman, David A},
  journal={Evaluation review},
  volume={30},
  number={6},
  pages={691--713},
  year={2006},
  publisher={Sage Publications}
}

@misc{besley2005c,
  title={Political selection and the quality of government: Evidence from South India},
  author={Besley, Timothy J and Pande, Rohini and Rao, Vijayendra},
  year={2005},
  note={CEPR Discussion Paper}
}

@article{besley2005a,
  title={Political selection},
  author={Besley, Timothy},
  journal={The Journal of Economic Perspectives},
  volume={19},
  number={3},
  pages={43--60},
  year={2005},
  publisher={American Economic Association}
}

@misc{besley2005b,
  title={Political competition and economic performance: Theory and evidence from the {U}nited {S}tates},
  author={Besley, Timothy and Persson, Torsten and Sturm, Daniel},
  year={2005},
  note={National Bureau of Economic Research. Available at \url{http://www.nber.org/papers/w11484}}
}

@article{frymer2014rush,
  title={`A Rush and a Push and the Land Is Ours': Territorial Expansion, Land Policy, and U.S. State Formation},
  author={Frymer, Paul},
  journal={Perspectives on Politics},
  volume={12},
  number={1},
  pages={119},
  year={2014},
  publisher={Cambridge University Press}
}

@article{gehlbach2010,
  title={Businessman candidates},
  author={Gehlbach, Scott and Sonin, Konstantin and Zhuravskaya, Ekaterina},
  journal={American Journal of Political Science},
  volume={54},
  number={3},
  pages={718--736},
  year={2010},
  publisher={Wiley Online Library}
}

@book{key1981,
  title={Southern Politics in State and Nation},
  author={Key, VO},
  year={1950},
  publisher={New York, NY: A.A. Knopf}
}

@article{besley2003,
  title={Political institutions and policy choices: evidence from the United States},
  author={Besley, Timothy and Case, Anne},
  journal={Journal of Economic Literature},
  volume={41},
  number={1},
  pages={7--73},
  year={2003},
  publisher={JSTOR}
}

@article{husted1997,
  title={The Effect of the Expansion of the Voting Franchise on the Size of Government},
  author={Husted, Thomas A and Kenny, Lawrence W},
  journal={Journal of Political Economy},
  pages={54--82},
  year={1997},
  publisher={JSTOR}
}

@misc{naidu2012,
  title={Suffrage, schooling, and sorting in the {P}ost-bellum {U.S.} {S}outh},
  author={Naidu, Suresh},
  year={2012},
  note={National Bureau of Economic Research. Available at \url{http://www.nber.org/papers/w18129}}
}

@article{gailmardcongressional,
  title={Congressional Voting on Public Lands Reform in the Jacksonian Era},
  author={Gailmard, Sean and Jenkins, Jeffery A},
  year={2016},
  note={Unpublished manuscript}
}

@book{goldman1990,
  title={A Free Ballot and a Fair Count: The Department of Justice and the Enforcement of Voting Rights in the South, 1877-1893},
  author={Goldman, Robert Michael},
  volume={6},
  year={1990},
  publisher={Fordham Univ Press}
}

@book{burnham1984,
  title={Partisan division of American state governments, 1834-1985},
  author={Burnham, Walter Dean},
  year={1984},
  publisher={Inter-university Consortium for Political and Social Research}
}

@article{aistrup1993,
  title={State legislative party competition: A county-level measure},
  author={Aistrup, Joseph A},
  journal={Political Research Quarterly},
  volume={46},
  number={2},
  pages={433--446},
  year={1993},
  publisher={Sage Publications}
}

@book{clubb1986,
  title={Electoral data for counties in the United States: Presidential and congressional races, 1840-1972},
  author={Clubb, Jerome M and Flanigan, William H and Zingale, Nancy H},
  year={1986},
  publisher={Inter-university Consortium for Political and Social Research}
}

@inproceedings{dupont2016,
  title={The Impact of the {C}ivil {W}ar on {S}outhern Wealth Holders},
  author={Dupont, Brandon and Rosenbloom, Joshua},
  year={2016},
  organization={National Bureau of Economic Research}
}

@article{bleakley2016,
  title={Shocking Behavior: Random Wealth in Antebellum Georgia and Human Capital Across Generations},
  author={Bleakley, Hoyt and Ferrie, Joseph},
  journal={The Quarterly Journal of Economics},
  pages={qjw014},
  year={2016},
  publisher={Oxford University Press}
}

@article{bleakley2010shocking,
  title={Shocking Behavior: Land Lotteries in 1832 Georgia and 1901 Oklahoma and Later Life Outcomes},
  author={Bleakley, Hoyt and Ferrie, Joseph},
  year={2010}
}

@article{lindh1996self,
  title={Self-employment and windfall gains: Evidence from the Swedish lottery},
  author={Lindh, Thomas and Ohlsson, Henry},
  journal={The Economic Journal},
  pages={1515--1526},
  year={1996},
  publisher={JSTOR}
}

@article{blanchflower1998makes,
  title={What makes an entrepreneur?},
  author={Blanchflower, David G and Oswald, Andrew J},
  journal={Journal of labor Economics},
  volume={16},
  number={1},
  pages={26--60},
  year={1998},
  publisher={The University of Chicago Press}
}

@article{holtz1994entrepreneurial,
  title={Entrepreneurial Decisions and Liquidity Constraints},
  author={Holtz-Eakin, Douglas and Joulfaian, David and Rosen, Harvey S},
  journal={The Rand Journal of Economics},
  pages={334--347},
  year={1994},
  publisher={JSTOR}
}

@unpublished{bleakley2013up,
  title={Up from Poverty? {T}he 1832 {C}herokee {L}and {L}ottery and the Long-run Distribution of Wealth},
  author={Bleakley, Hoyt and Ferrie, Joseph P},
  year={2013},
  institution={National Bureau of Economic Research}
}

@article{sekhon2016,
  title={On interpreting the regression discontinuity design as a local experiment},
  author={Sekhon, Jasjeet S and Titiunik, Roc{\i}o},
  journal={Regression Discontinuity Designs: Theory and Applications (Advances in Econometrics},
  volume={38},
  year={2016}
}

@misc{calonico2016regression,
  title={Regression Discontinuity Designs Using Covariates},
  author={Calonico, Sebastian and Cattaneo, Matias D and Farrell, Max H and Titiunik, Roc{\i}o},
  year={2016},
  note={National Bureau of Economic Research. Available at \url{http://www-personal.umich.edu/~cattaneo/papers/Calonico-Cattaneo-Farrell-Titiunik_2016_wp.pdf}}
}

@misc{skovron2015,
  title={A Practical Guide to Regression Discontinuity Designs in Political Science},
  author={Skovron, Christopher and Titiunik, Roc{\'\i}o},
  year={2015},
  note={National Bureau of Economic Research. Available at \url{http://www-personal.umich.edu/~titiunik/papers/SkovronTitiunik2015.pdf}}
}

@article{aistrup1993,
  title={State legislative party competition: A county-level measure},
  author={Aistrup, Joseph A},
  journal={Political Research Quarterly},
  volume={46},
  number={2},
  pages={433--446},
  year={1993},
  publisher={Sage Publications}
}

@article{grosjean2014,
  title={A history of violence: The culture of honor and homicide in the {US} {S}outh},
  author={Grosjean, Pauline},
  journal={Journal of the European Economic Association},
  volume={12},
  number={5},
  pages={1285--1316},
  year={2014},
  publisher={Wiley Online Library}
}

@misc{haines2010,
  title={{H}istorical, {D}emographic, {E}conomic, and {S}ocial {D}ata: The {U}nited {S}tates, 1790-2002},
  author={Haines, Michael R},
  year={2010},
  note={Ann Arbor, MI: Inter-university Consortium for Political and Social Research [distributor], 2010-05-21. \url{doi.org/10.3886/ICPSR02896.v3}}
}

@book{kouser1974,
  title={The Shaping of Southern Politics: Suffrage Restrictions and the One-Party South},
  author={Kouser, Morgan J},
  year={1974},
  publisher={New Haven, CT: Yale University Press}
}

@book{bissett2002agrarian,
  title={Agrarian Socialism in America: Marx, Jefferson, and Jesus in the Oklahoma Countryside, 1904-1920},
  author={Bissett, Jim},
  year={2002},
  publisher={Norman, OK: University of Oklahoma Press}
}

@article{southern1939farm,
  title={Farm tenancy in Oklahoma},
  author={Southern, John H},
  year={1939},
  publisher={Oklahoma Agricultural and Mechanical College, Agricultural Experiment Station}
}

@article{osborne1996,
  title={A model of political competition with citizen-candidates},
  author={Osborne, Martin J and Slivinski, Al},
  journal={The Quarterly Journal of Economics},
  volume={111},
  number={1},
  pages={65--96},
  year={1996},
  publisher={Oxford University Press}
}

@article{ansolabehere2002,
  title={The incumbency advantage in US elections: An analysis of state and federal offices, 1942-2000},
  author={Ansolabehere, Stephen and Snyder Jr, James M},
  journal={Election Law Journal},
  volume={1},
  number={3},
  pages={315--338},
  year={2002},
  publisher={Mary Ann Liebert, Inc.}
}

@misc{inter1984,
  title={Candidate {N}ame and {C}onstituency {T}otals, 1788-1984},
  author={ICPSR},
  year={1984},
  publisher={Inter-{U}niversity {C}onsortium for {P}olitical and {S}ocial {R}esearch (ICPSR)},
  howpublished = {\url{http://www.icpsr.umich.edu/icpsrweb/ICPSR/studies/2}},
  note = {[Online; accessed 06-June-2016]}
}

@misc{hines2006,
  title={Project {HAL}: {H}istorical {A}merican {L}ynching {D}ata {C}ollection {P}roject},
  author={Hines, Elizabeth and Steelwater, Eliza},
  publisher={University of North Carolina},
  year={2006},
  howpublished = {\url{http://people.uncw.edu/hinese/HAL/HAL%20Web%20Page.htm}},
  note = {[Online; accessed 11-November-2016]}
}

@book{margo1990,
  title={Race and schooling in the South, 1880-1950: an economic history},
  author={Margo, Robert A},
  year={1990},
  publisher={University of Chicago Press}
}

@misc{ager2013,
  title={The Persistence of de Facto Power: Elites and Economic Development in the US South, 1840-1960},
  author={Ager, Philipp and others},
  year={2013},
  note={Available at \url{http://www.uab.cat/Document/366/119/paper_ager.pdf}}
}

@article{wiener1976,
  title={Planter persistence and social change: Alabama, 1850-1870},
  author={Wiener, Jonathan M},
  journal={The Journal of Interdisciplinary History},
  volume={7},
  number={2},
  pages={235--260},
  year={1976},
  publisher={JSTOR}
}
@article{wiener1979,
  title={Class Stucture and Economic Development in the American South, 1865-1955},
  author={Wiener, Jonathan M},
  journal={The American Historical Review},
  volume={84},
  number={4},
  pages={970--992},
  year={1979},
  publisher={JSTOR}
}

@article{acemoglu2006,
  title={De facto political power and institutional persistence},
  author={Acemoglu, Daron and Robinson, James A},
  journal={The American economic review},
  volume={96},
  number={2},
  pages={325--330},
  year={2006},
  publisher={JSTOR}
}

@article{acemoglu2008persistence,
  title={Persistence of Power, Elites, and Institutions},
  author={Acemoglu, Daron and Robinson, James A},
  journal={American Economic Review},
  volume={98},
  number={1},
  pages={267--293},
  year={2008}
}

@article{acemoglu2008americas,
  title={The persistence and change of institutions in the Americas},
  author={Acemoglu, Daron and Robinson, James A},
  journal={Southern Economic Journal},
  volume={75},
  number={2},
  pages={282},
  year={2008},
  publisher={Southern Economic Association}
}

@article{bertocchi2014,
  title={Slavery, education, and inequality},
  author={Bertocchi, Graziella and Dimico, Arcangelo},
  journal={European Economic Review},
  volume={70},
  pages={197--209},
  year={2014},
  publisher={Elsevier}
}

@article{moore1978,
  title={Redeemers Reconsidered: Change and Continuity in the Democratic South, 1870-1900},
  author={Moore, James Tice},
  journal={The Journal of Southern History},
  volume={44},
  number={3},
  pages={357--378},
  year={1978},
  publisher={JSTOR}
}

@article{soltow1971,
  title={Economic Inequality in the United States in the Period from 1790 to 1860},
  author={Soltow, Lee},
  journal={The Journal of Economic History},
  volume={31},
  number={04},
  pages={822--839},
  year={1971},
  publisher={Cambridge Univ Press}
}

@article{wright1970,
  title={" Economic Democracy" and the Concentration of Agricultural Wealth in the Cotton South, 1850-1860},
  author={Wright, Gavin},
  journal={Agricultural History},
  volume={44},
  number={1},
  pages={63--93},
  year={1970},
  publisher={JSTOR}
}

@article{shugg1937,
  title={Survival of the Plantation System in Louisiana},
  author={Shugg, Roger W},
  journal={The Journal of Southern History},
  volume={3},
  number={3},
  pages={311--325},
  year={1937},
  publisher={JSTOR}
}

@article{cobb1988,
  title={Beyond planters and industrialists: a new perspective on the New South},
  author={Cobb, James C},
  journal={The Journal of Southern History},
  volume={54},
  number={1},
  pages={45--68},
  year={1988},
  publisher={JSTOR}
}

@book{ransom2001,
  title={One kind of freedom: The economic consequences of emancipation},
  author={Ransom, Roger L and Sutch, Richard},
  year={2001},
  publisher={Cambridge University Press}
}

@misc{equal2015,
  title={Lynching in America: Confronting the legacy of racial terror. Report summary},
  author={Equal Justice Initiative},
  year={2015},
  note={Available at \url{http://eji.org/reports/lynching-in-america}.}
}

@article{foner1996,
  title={Freedom’s Lawmakers},
  author={Foner, Eric},
  journal={A Directory of Black Officeholders During Reconstruction.(rev. ed., Baton Rouge: Louisiana University Press, 1996)},
  pages={67--68},
  year={1996}
}

@article{aaronson2011,
  title={The Impact of Rosenwald Schools on Black Achievement},
  author={Aaronson, Daniel and Mazumder, Bhashkar},
  journal={Journal of Political Economy},
  volume={119},
  number={5},
  pages={821--888},
  year={2011},
  publisher={JSTOR}
}

@book{woodward1981,
  title={Origins of the New South, 1877--1913: A History of the South},
  author={Woodward, C Vann},
  volume={9},
  year={1981},
  publisher={LSU Press}
}

@article{hackney1972,
  title={Origins of the New South in Retrospect},
  author={Hackney, Sheldon},
  journal={The Journal of Southern History},
  volume={38},
  number={2},
  pages={191--216},
  year={1972},
  publisher={JSTOR}
}

@book{wooster1969,
  title={The People in Power: Courthouse and Statehouse in the Lower South 1850-1860},
  author={Wooster, Ralph A},
  year={1969},
  publisher={University of Tennessee Press}
}

@book{cooper2005,
  title={The Conservative Regime: South Carolina, 1877-1890},
  author={Cooper, William J},
  year={2005},
  publisher={Univ of South Carolina Press}
}

@book{michels1915,
  title={Political parties: A sociological study of the oligarchical tendencies of modern democracy},
  author={Michels, Robert},
  year={1915},
  publisher={Hearst's International Library Company}
}

@book{cash1942,
  title={The Mind of the South},
  author={Cash, Wilbur Joseph},
  publisher={New York: Vintage},
  year={1941}
}

@article{alexander1961,
  title={Persistent Whiggery in the Confederate South, 1860-1877},
  author={Alexander, Thomas B},
  journal={The Journal of Southern History},
  volume={27},
  number={3},
  pages={305--329},
  year={1961},
  publisher={JSTOR}
}

@article{wright1986old,
  title={Old South, New South},
  author={Wright, Gavin},
  journal={NY: Basic Books},
  year={1986}
}

@incollection{woodward2003,
  author      = "Woodward, C Vann",
  title       = "Origin of \textit{Origins} [1986]",
  editor      = "Boles, John B and Johnson, Bethany L",
  booktitle   = "Origins of the New South fifty years later: The continuing influence of a historical classic",
  publisher   = "LSU Press",
  address     = "Louisiana",
  year        = 2003,
  pages       = "144-160"
}

@article{phillips1905,
  title={The economic cost of slaveholding in the cotton belt},
  author={Phillips, Ulrich B},
  journal={Political Science Quarterly},
  volume={20},
  number={2},
  pages={257--275},
  year={1905},
  publisher={JSTOR}
}

@article{gelman2008,
  title={Scaling regression inputs by dividing by two standard deviations},
  author={Gelman, Andrew},
  journal={Statistics in medicine},
  volume={27},
  number={15},
  pages={2865--2873},
  year={2008},
  publisher={Wiley Online Library}
}

@article{darcy2005oklahoma,
  title={The Oklahoma Territorial Legislature, 1890-1905},
  author={Darcy, R},
  journal={Chronicles of Oklahoma},
  volume={83},
  pages={144--177},
  year={2005}
}

@article{tibshirani1996regression,
  title={Regression shrinkage and selection via the lasso},
  author={Tibshirani, Robert},
  journal={Journal of the Royal Statistical Society. Series B (Methodological)},
  pages={267--288},
  year={1996},
  publisher={JSTOR}
}

@article{athey2017estimating,
  title={Estimating Average Treatment Effects: Supplementary Analyses and Remaining Challenges},
  author={Athey, Susan and Imbens, Guido and Pham, Thai and Wager, Stefan},
  journal={arXiv:1702.01250},
  year={2017}
}

@techreport{bondibene2013program,
  title={Program evaluation with high-dimensional data},
  author={Bondibene, Chiara Rosazza and Chernozhukov, Victor and Fernandez-Val, Ivan and Hansen, Christian and others},
  year={2013},
  institution={Centre for Microdata Methods and Practice, Institute for Fiscal Studies}
}

@article{bloniarz2016lasso,
  title={Lasso adjustments of treatment effect estimates in randomized experiments},
  author={Bloniarz, Adam and Liu, Hanzhong and Zhang, Cun-Hui and Sekhon, Jasjeet S and Yu, Bin},
  journal={Proceedings of the National Academy of Sciences},
  volume={113},
  number={27},
  pages={7383--7390},
  year={2016},
  publisher={National Acad Sciences}
}

@article{greevy2004randomization,
  title={Randomization inference with imperfect compliance in the ACE-inhibitor after anthracycline randomized trial},
  author={Greevy, Robert and Silber, Jeffrey H and Cnaan, Avital and Rosenbaum, Paul R},
  journal={Journal of the American Statistical Association},
  volume={99},
  number={465},
  pages={7--15},
  year={2004},
  publisher={Taylor \& Francis}
}

@article{ho2006randomization,
  title={Randomization inference with natural experiments: An analysis of ballot effects in the 2003 California recall election},
  author={Ho, Daniel E and Imai, Kosuke},
  journal={Journal of the American Statistical Association},
  volume={101},
  number={475},
  pages={888--900},
  year={2006},
  publisher={Taylor \& Francis}
}

@book{fisher1935,
  title={The Design of Experiments.},
  author={Fisher, Ronald Aylmer},
  year={1935},
  publisher={Oliver \& Boyd}
}

@article{cattaneo2010multi,
  title={Multi-valued treatment effects},
  author={Cattaneo, Matias D and others},
  journal={The New Palgrave Dictionary of Economics},
  volume={4},
  year={2010},
  publisher={Palgrave Macmillan}}

  @article{doherty2006personal,
  title={Personal income and attitudes toward redistribution: A study of lottery winners},
  author={Doherty, Daniel and Gerber, Alan S and Green, Donald P},
  journal={Political Psychology},
  volume={27},
  number={3},
  pages={441--458},
  year={2006},
  publisher={Wiley Online Library}
}

@article{holtz1994sticking,
  title={Sticking it out: Entrepreneurial survival and liquidity constraints},
  author={Holtz-Eakin, Douglas and Joulfaian, David and Rosen, Harvey S},
  journal={Journal of Political economy},
  volume={102},
  number={1},
  pages={53--75},
  year={1994},
  publisher={The University of Chicago Press}
}

@article{evans1989estimated,
  title={An estimated model of entrepreneurial choice under liquidity constraints},
  author={Evans, David S and Jovanovic, Boyan},
  journal={Journal of political economy},
  volume={97},
  number={4},
  pages={808--827},
  year={1989},
  publisher={The University of Chicago Press}
}

@article{evans1989some,
  title={Some empirical aspects of entrepreneurship},
  author={Evans, David S and Leighton, Linda S},
  journal={The American Economic Review},
  volume={79},
  number={3},
  pages={519--535},
  year={1989},
  publisher={JSTOR}
}

@book{kulikoff1992agrarian,
  title={The Agrarian Origins of American Capitalism},
  author={Kulikoff, Allan},
  year={1992},
  publisher={Charlottesville, VA: University of Virginia Press}
}

@article{galor2009inequality,
  title={Inequality in Landownership, the Emergence of Human-Capital Promoting Institutions, and the Great Divergence},
  author={Galor, Oded and Moav, Omer and Vollrath, Dietrich},
  journal={The Review of Economic Studies},
  volume={76},
  number={1},
  pages={143--179},
  year={2009},
  publisher={Oxford University Press}
}

@book{ransom2001one,
  title={One Kind of Freedom: The Economic Consequences of Emancipation},
  author={Ransom, Roger L and Sutch, Richard},
  year={2001},
  publisher={Cambridge University Press}
}

@article{nunn2008slavery,
  title={Slavery, inequality, and economic development in the americas},
  author={Nunn, Nathan},
  journal={Institutions and Economic Performance},
  pages={148--80},
  year={2008}
}

@book{headlee1991political,
  title={The Political Economy of the Family Farm: The Agrarian Roots of American Capitalism: The Agrarian Roots of American Capitalism},
  author={Headlee, Sue},
  year={1991},
  publisher={ABC-CLIO}
}

@article{gates1942role,
  title={The Role of the Land Speculator in Western Development},
  author={Gates, Paul W},
  journal={The Pennsylvania Magazine of History and Biography},
  volume={66},
  number={3},
  pages={314--333},
  year={1942},
  publisher={JSTOR}
}

@article{gates1941land,
  title={Land Policy and Tenancy in the Prairie States},
  author={Gates, Paul W},
  journal={The Journal of Economic History},
  volume={1},
  number={1},
  pages={60--82},
  year={1941},
  publisher={Cambridge University Press}
}

@article{gates1939land,
  title={Land Policy and Tenancy in the Prairie Counties of Indiana},
  author={Gates, Paul W},
  journal={The Indiana Magazine of History},
  pages={1--26},
  year={1939},
  publisher={JSTOR}
}

@book{bode2008farm,
  title={Farm Tenancy and the Census in Antebellum Georgia},
  author={Bode, Frederick A and Ginter, Donald E},
  year={2008},
  publisher={University of Georgia Press}
}

@article{brodersen2015inferring,
  title={Inferring Causal Impact Using Bayesian Structural Time-series Models},
  author={Brodersen, Kay H and Gallusser, Fabian and Koehler, Jim and Remy, Nicolas and Scott, Steven L},
  journal={The Annals of Applied Statistics},
  volume={9},
  number={1},
  pages={247--274},
  year={2015},
  publisher={Institute of Mathematical Statistics}
}

@article{abadie2010synthetic,
  title={Synthetic Control Methods for Comparative Case Studies: Estimating the Effect of California’s Tobacco Control Program},
  author={Abadie, Alberto and Diamond, Alexis and Hainmueller, Jens},
  journal={Journal of the American Statistical Association},
  volume={105},
  number={490},
  pages={493--505},
  year={2010},
  publisher={Taylor \& Francis}
}

@article{abadie2003economic,
	title={The Economic Costs of Conflict: A Case Study of the Basque Country},
	author={Abadie, Alberto and Gardeazabal, Javier},
	journal={The American Economic Review},
	volume={93},
	number={1},
	pages={113--132},
	year={2003},
	publisher={American Economic Association}
}

@article{batista2003analysis,
    title={An analysis of four missing data treatment methods for supervised learning},
    author={Batista, Gustavo EAPA and Monard, Maria Carolina},
    journal={Applied Artificial Intelligence},
    volume={17},
    number={5-6},
    pages={519--533},
    year={2003},
    publisher={Taylor \& Francis}
}

@article{brouwer2002feed,
    title={A feed-forward network for input that is both categorical and
    quantitative},
    author={Brouwer, Roelof K},
    journal={Neural Networks},
    volume={15},
    number={7},
    pages={881--890},
    year={2002},
    publisher={Elsevier}
}

@article{de2003prevention,
    title={Prevention and treatment of item nonresponse},
    author={De Leeuw, Edith D and Hox, Joop and Huisman, Mark and others},
    journal={Journal of Official Statistics-Stockholm},
    volume={19},
    number={2},
    pages={153--176},
    year={2003},
    publisher={ALMQVIST \& WIKSELL INTERNATIONAL}
}

@article{fayyad1996data,
    title={From data mining to knowledge discovery in databases},
    author={Fayyad, Usama and Piatetsky-Shapiro, Gregory and Smyth, Padhraic},
    journal={AI magazine},
    volume={17},
    number={3},
    pages={37},
    year={1996}
}

@article{hsu2006generalizing,
    title={Generalizing self-organizing map for categorical data},
    author={Hsu, Chung-Chian},
    journal={Neural Networks, IEEE Transactions on},
    volume={17},
    number={2},
    pages={294--304},
    year={2006},
    publisher={IEEE}
}

@article{rey2012fuzzy,
    title={Fuzzy min--max neural networks for categorical data: application to missing data imputation},
    author={Rey-del-Castillo, Pilar and Carde{\~n}osa, Jes{\'u}s},
    journal={Neural Computing and Applications},
    volume={21},
    number={6},
    pages={1349--1362},
    year={2012},
    publisher={Springer}
}

@inproceedings{wang2008categorical,
    title={Categorical Data Transformation Methods for Neural Networks.},
    author={Wang, Huanjing and Xing, Guangming and Chen, Kairui},
    booktitle={IKE},
    pages={262--266},
    year={2008}
}

@inproceedings{kohavi1996,
  title={Scaling Up the Accuracy of Naive-Bayes Classifiers: A Decision-Tree Hybrid.},
  author={Kohavi, Ron},
  booktitle={KDD},
  pages={202--207},
  year={1996},
  organization={Citeseer}
}

@incollection{bengio2012practical,
  title={Practical recommendations for gradient-based training of deep architectures},
  author={Bengio, Yoshua},
  booktitle={Neural Networks: Tricks of the Trade},
  pages={437--478},
  year={2012},
  publisher={Springer}
}

@article{bergstra2012random,
  title={Random search for hyper-parameter optimization},
  author={Bergstra, James and Bengio, Yoshua},
  journal={The Journal of Machine Learning Research},
  volume={13},
  number={1},
  pages={281--305},
  year={2012},
  publisher={JMLR. org}
}

@misc{karpathy2016,
  author = {Karpathy, Andrej},
  title = {CS231n Convolutional Neural Networks for Visual Recognition},
  year = {2016},
  publisher = {GitHub},
  journal = {GitHub repository},
  howpublished = {\url{http://cs231n.github.io/neural-networks-3/#hyper}}
}

@inproceedings{hermans2013,
  title={Training and analysing deep recurrent neural networks},
  author={Hermans, Michiel and Schrauwen, Benjamin},
  booktitle={Advances in Neural Information Processing Systems},
  pages={190--198},
  year={2013}
}

@article{prasad2014,
  title={Deep Recurrent Neural Networks for Time Series Prediction},
  author={Prasad, Sharat C and Prasad, Piyush},
  journal={arXiv:1407.5949},
  year={2014}
}

@online{Lichman2013,
  author = {Lichman, Moshe},
  title = {{UCI} {M}achine {L}earning {R}epository},
  year = 2013,
  url = {http://archive.ics.uci.edu/ml},
  urldate = {2015-10-08}
}

@article{bengio1996,
  title={Recurrent neural networks for missing or asynchronous data},
  author={Bengio, Yoshua and Gingras, Francois},
  journal={Advances in neural information processing systems},
  pages={395--401},
  year={1996},
  publisher={MORGAN KAUFMANN PUBLISHERS}
}

@inproceedings{parveen2001,
  title={Speech recognition with missing data using recurrent neural nets},
  author={Parveen, Shahla and Green, Phil},
  booktitle={Advances in Neural Information Processing Systems},
  pages={1189--1195},
  year={2001}
}

@article{horne1995,
  title={An experimental comparison of recurrent neural networks},
  author={Horne, Bill G and Giles, C Lee},
  journal={Advances in neural information processing systems},
  pages={697--704},
  year={1995},
  publisher={MORGAN KAUFMANN PUBLISHERS}
}

@inproceedings{bergstra2010,
  title={Theano: A CPU and GPU math compiler in Python},
  author={Bergstra, James and Breuleux, Olivier and Bastien, Fr{\'e}d{\'e}ric and Lamblin, Pascal and Pascanu, Razvan and Desjardins, Guillaume and Turian, Joseph and Warde-Farley, David and Bengio, Yoshua},
  booktitle={Proc. 9th Python in Science Conf},
  pages={1--7},
  year={2010}
}

@inproceedings{el1995,
  title={Hierarchical Recurrent Neural Networks for Long-Term Dependencies.},
  author={El Hihi, Salah and Bengio, Yoshua},
  booktitle={Neural Information Processing Systems},
  volume={400},
  pages={409},
  year={1995}
}

@inproceedings{parveen2001,
  title={Speech recognition with missing data using recurrent neural nets},
  author={Parveen, Shahla and Green, Phil},
  booktitle={Advances in Neural Information Processing Systems},
  pages={1189--1195},
  year={2001}
}

@book{goodfellow2016deep,
  title={Deep Learning},
  author={Goodfellow, Ian and Bengio, Yoshua and Courville, Aaron},
  year={2016},
  publisher={Cambridge, MA: MIT press}
}

@article{huang2005,
  title={Forecasting stock market movement direction with support vector machine},
  author={Huang, Wei and Nakamori, Yoshiteru and Wang, Shou-Yang},
  journal={Computers \& Operations Research},
  volume={32},
  number={10},
  pages={2513--2522},
  year={2005},
  publisher={Elsevier}
}

@article{schumaker2009,
  title={Textual analysis of stock market prediction using breaking financial news: The AZFin text system},
  author={Schumaker, Robert P and Chen, Hsinchun},
  journal={ACM Transactions on Information Systems (TOIS)},
  volume={27},
  number={2},
  pages={12},
  year={2009},
  publisher={ACM}
}

@article{chung2014,
   author = {{Chung}, J. and {Gulcehre}, C. and {Cho}, K. and {Bengio}, Y.
	},
    title = "{Empirical Evaluation of Gated Recurrent Neural Networks on Sequence Modeling}",
  journal = {ArXiv e-prints},
archivePrefix = "arXiv",
   eprint = {1412.3555},
 keywords = {Computer Science - Neural and Evolutionary Computing, Computer Science - Machine Learning},
     year = 2014,
    month = dec,
   adsurl = {http://adsabs.harvard.edu/abs/2014arXiv1412.3555C},
  adsnote = {Provided by the SAO/NASA Astrophysics Data System}
}

@misc{chollet2015,
  title={Keras},
  author={Chollet, Fran\c{c}ois},
  year={2015},
  publisher={GitHub},
  howpublished={\url{https://github.com/fchollet/keras}},
}

@inproceedings{glorot2010,
  title={Understanding the Difficulty of Training Deep Feedforward Neural Networks.},
  author={Glorot, Xavier and Bengio, Yoshua},
  booktitle={Artificial Intelligence and Statistics},
  volume={9},
  pages={249--256},
  year={2010}
}

@incollection{bengio2012,
  title={Practical recommendations for gradient-based training of deep architectures},
  author={Bengio, Yoshua},
  booktitle={Neural Networks: Tricks of the Trade},
  pages={437--478},
  year={2012},
  publisher={Springer}
}

@article{tieleman2012,
  title={Lecture 6.5-rmsprop: Divide the gradient by a running average of its recent magnitude},
  author={Tieleman, Tijmen and Hinton, Geoffrey},
  journal={COURSERA: Neural Networks for Machine Learning},
  volume={4},
  number={2},
  year={2012}
}

@article{srivastava2014,
  title={Dropout: a simple way to prevent neural networks from overfitting.},
  author={Srivastava, Nitish and Hinton, Geoffrey E and Krizhevsky, Alex and Sutskever, Ilya and Salakhutdinov, Ruslan},
  journal={Journal of Machine Learning Research},
  volume={15},
  number={1},
  pages={1929--1958},
  year={2014}
}

@inproceedings{graves2009,
  title={Offline handwriting recognition with multidimensional recurrent neural networks},
  author={Graves, Alex and Schmidhuber, J{\"{u}}rgen},
  booktitle={Advances in neural information processing systems},
  pages={545--552},
  year={2009}
}

@incollection{graves2012,
  title={Neural Networks},
  author={Graves, Alex},
  booktitle={Supervised Sequence Labelling with Recurrent Neural Networks},
  pages={15--35},
  year={2012},
  publisher={Springer}
}

@book{bird2009,
  title={Natural language processing with Python},
  author={Bird, Steven and Klein, Ewan and Loper, Edward},
  year={2009},
  publisher={" O'Reilly Media, Inc."}
}

@article{clevert2015,
  title={Fast and accurate deep network learning by exponential linear units (elus)},
  author={Clevert, Djork-Arn{\'e} and Unterthiner, Thomas and Hochreiter, Sepp},
  journal={arXiv:1511.07289},
  year={2015}
}

@book{frymer2017building,
  title={Building an American Empire: The Era of Territorial and Political Expansion},
  author={Frymer, Paul},
  year={2017},
  publisher={Princeton, NJ: Princeton University Press}
}

@article{allen1991homesteading,
  title={Homesteading and Property Rights; Or, ``How the West Was Really Won"},
  author={Allen, Douglas W},
  journal={The Journal of Law and Economics},
  volume={34},
  number={1},
  pages={1--23},
  year={1991},
  publisher={The University of Chicago Press}
}

@article{ramcharan2010inequality,
  title={Inequality and Redistribution: Evidence from U.S. Counties and States, 1890--1930},
  author={Ramcharan, Rodney},
  journal={The Review of Economics and Statistics},
  volume={92},
  number={4},
  pages={729--744},
  year={2010},
  publisher={Cambridge, MA: MIT Press}
}

@article{rajan2011land,
  title={Land and Credit: A Study of the Political Economy of Banking in the United States in the Early 20th Century},
  author={Rajan, Raghuram G and Ramcharan, Rodney},
  journal={The Journal of Finance},
  volume={66},
  number={6},
  pages={1895--1931},
  year={2011},
  publisher={Wiley-Blackwell}
}

@article{vollrath2013inequality,
  title={Inequality and School Funding in the Rural United States, 1890},
  author={Vollrath, Dietrich},
  journal={Explorations in Economic History},
  volume={50},
  number={2},
  pages={267--284},
  year={2013},
  publisher={Elsevier}
}

@article{meltzer1981rational,
  title={A Rational Theory of the Size of Government},
  author={Meltzer, Allan H and Richard, Scott F},
  journal={Journal of Political Economy},
  volume={89},
  number={5},
  pages={914--927},
  year={1981},
  publisher={The University of Chicago Press}
}

@article{stoddard2009did,
  title={Why Did Education Become Publicly Funded? Evidence from the Nineteenth-Century Growth of Public Primary Schooling in the United States},
  author={Stoddard, Christiana},
  journal={The Journal of Economic History},
  volume={69},
  number={1},
  pages={172--201},
  year={2009},
  publisher={Cambridge University Press}
}

@misc{conrad2009,
  author = {Conrad, David E},
  title = {Tenant Farming and Sharecropping},
  year = {2009},
  publisher = {Oklahoma Historical Society},
  journal = {The Encyclopedia of Oklahoma History and Culture},
  howpublished = {\url{www.okhistory.org}}
}

@article{rhode2003assessing,
  title={Assessing the Importance of Tiebout Sorting: Local Heterogeneity from 1850 to 1990},
  author={Rhode, Paul W and Strumpf, Koleman S},
  journal={American Economic Review},
  pages={1648--1677},
  year={2003},
  publisher={JSTOR}
}

@article{besley2010state,
  title={State Capacity, Conflict, and Development},
  author={Besley, Timothy and Persson, Torsten},
  journal={Econometrica},
  volume={78},
  number={1},
  pages={1--34},
  year={2010},
  publisher={Wiley Online Library}
}

@article{besley2009origins,
  title={The Origins of State Capacity: Property Rights, Taxation and Politics},
  author={Besley, Timothy and Persson, Torsten},
  journal={American Economic Review},
  volume={99},
  number={4},
  pages={1218--1244},
  year={2009},
  publisher={American Economic Association}
}

@article{benabou2000unequal,
  title={Unequal Societies: Income Distribution and the Social Contract},
  author={Benabou, Roland},
  journal={American Economic Review},
  pages={96--129},
  year={2000},
  publisher={American Economic Association}
}

@incollection{wallis1998impact,
  title={The Impact of the New Deal on American Federalism},
  author={Wallis, John J and Oates, Wallace},
  booktitle={The Defining Moment: The Great Depression and the American Economy in the Twentieth Century},
  pages={155--180},
  year={1998},
  publisher={University of Chicago Press}
}

@article{wallis2000american,
  title={American Government Finance in the Long Run: 1790 to 1990},
  author={Wallis, John Joseph},
  journal={The Journal of Economic Perspectives},
  volume={14},
  number={1},
  pages={61--82},
  year={2000},
  publisher={JSTOR}
}

@article{sylla1998anatomy,
  title={The Anatomy of Sovereign Debt Crises: Lessons from the American State Defaults of the 1840s},
  author={Sylla, Richard and Wallis, John Joseph},
  journal={Japan and the World Economy},
  volume={10},
  number={3},
  pages={267--293},
  year={1998},
  publisher={Elsevier}
}

@article{gates1968history,
  title={History of Public Land Law Development},
  author={Gates, Paul W and Swenson, Robert W and others},
  year={1968},
  publisher={[US Govt. Print. Off.]}
}

@misc{wallis2004sovereign,
  title={Sovereign Debt and Repudiation: The Emerging-Market Debt Crisis in the US States, 1839-1843},
  author={Wallis, John Joseph and Sylla, Richard E and Grinath III, Arthur},
  year={2004},
  publisher={National Bureau of Economic Research}
}

@misc{sylla1993sources,
  title={{S}ources and {U}ses of {F}unds in {S}tate and {L}ocal {G}overnments, 1790-1915: [{U}nited {S}tates]},
  author={Sylla, Richard E and Legler, John B and Wallis, John},
  year={1993},
  note={Ann Arbor, MI: Inter-university Consortium for Political and Social Research, 2017-05-21. \url{doi.org/10.3886/ICPSR06304.v1}}
}

@misc{sylla1995sourcesa,
  title={{S}tate and {L}ocal {G}overnment [{U}nited {S}tates]: {S}ources and {U}ses of {F}unds, {C}ensus {S}tatistics, {T}wentieth {C}entury [{T}hrough 1982]},
  author={Sylla, Richard E and Legler, John B and Wallis, John},
  year={1995},
  note={Ann Arbor, MI: Inter-university Consortium for Political and Social Research, 2017-05-21. \url{doi.org/10.3886/ICPSR06304.v1}}
}

@misc{sylla1995sourcesb,
  title={{S}tate and {L}ocal {G}overnment [{U}nited {S}tates]: {S}ources and {U}ses of {F}unds, {S}tate {F}inancial {S}tatistics, 1933-1937},
  author={Sylla, Richard E and Legler, John B and Wallis, John},
  year={1995},
  note={Ann Arbor, MI: Inter-university Consortium for Political and Social Research, 2017-05-21. http://doi.org/10.3886/ICPSR06306.v1}
}

@article{gates1940federal,
  title={Federal Land Policy in the South 1866-1888},
  author={Gates, Paul W},
  journal={The Journal of Southern History},
  volume={6},
  number={3},
  pages={303--330},
  year={1940},
  publisher={JSTOR}
}

@article{gates1979federal,
  title={Federal Land Policies in the Southern Public Land States},
  author={Gates, Paul W},
  journal={Agricultural History},
  volume={53},
  number={1},
  pages={206--227},
  year={1979},
  publisher={JSTOR}
}

@article{gates1936homestead,
  title={The Homestead Law in an Incongruous Land System},
  author={Gates, Paul W},
  journal={The American Historical Review},
  volume={41},
  number={4},
  pages={652--681},
  year={1936},
  publisher={JSTOR}
}

@misc{canadaysouthern,
author = {Canaday, Neil and Reback, Charles and Stowe, Kristin},
title = {The Southern Homestead Act: Race, Literacy, and Learning},
publisher = {University of South Carolina Upstate},
year = {n.d.},
howpublished = {\url{http://fliphtml5.com/lvgc/hmuc}}
}

@article{canaday2015race,
  title={Race and Local Knowledge: New Evidence from the Southern Homestead Act},
  author={Canaday, Neil and Reback, Charles and Stowe, Kristin},
  journal={The Review of Black Political Economy},
  volume={42},
  number={4},
  pages={399--413},
  year={2015},
  publisher={Springer}
}

@book{lanza1999agrarianism,
  title={Agrarianism and Reconstruction Politics: {T}he Southern Homestead Act},
  author={Lanza, Michael L},
  year={1999},
  publisher={Baton Rouge, LA: LSU Press}
}

@book{bensel2000political,
  title={The Political Economy of American Industrialization, 1877-1900},
  author={Bensel, Richard Franklin},
  year={2000},
  publisher={Cambridge University Press}
}

@book{wright2013sharing,
  title={Sharing the Prize},
  author={Wright, Gavin},
  year={2013},
  publisher={Harvard University Press}
}

@article{miller2011land,
  title={Land and Racial Wealth Inequality},
  author={Miller, Melinda C},
  journal={The American Economic Review},
  volume={101},
  number={3},
  pages={371--376},
  year={2011},
  publisher={American Economic Association}
}

@article{bowles1978capitalist,
  title={Capitalist Development and Educational Structure},
  author={Bowles, Samuel},
  journal={World Development},
  volume={6},
  number={6},
  pages={783--796},
  year={1978},
  publisher={Elsevier}
}

@article{kingma2014adam,
   author = {{Kingma}, D.~P. and {Ba}, J.},
    title = "{Adam: A Method for Stochastic Optimization}",
  journal = {ArXiv e-prints},
archivePrefix = "arXiv",
   eprint = {1412.6980},
 keywords = {Computer Science - Machine Learning},
     year = 2014,
    month = dec,
   adsurl = {http://adsabs.harvard.edu/abs/2014arXiv1412.6980K},
  adsnote = {Provided by the SAO/NASA Astrophysics Data System}
}

@article{donaldson2016railroads,
  title={Railroads and American Economic Growth: A ``Market Access" Approach},
  author={Donaldson, Dave and Hornbeck, Richard},
  journal={The Quarterly Journal of Economics},
  volume={131},
  number={2},
  pages={799--858},
  year={2016},
  publisher={MIT Press}
}

@article{atack2013use,
  title={On the Use of Geographic Information Systems in Economic History: The American Transportation Revolution Revisited},
  author={Atack, Jeremy},
  journal={The Journal of Economic History},
  volume={73},
  number={2},
  pages={313--338},
  year={2013},
  publisher={Cambridge University Press}
}

@article{gates1936homestead,
  title={The Homestead Law in an Incongruous Land System},
  author={Gates, Paul W},
  journal={The American Historical Review},
  volume={41},
  number={4},
  pages={652--681},
  year={1936},
  publisher={JSTOR}
}

@article{long1995atlas,
  title={Atlas of Historical County Boundaries},
  author={Long, John H},
  journal={The Journal of American History},
  volume={81},
  number={4},
  pages={1859--1863},
  year={1995},
  publisher={JSTOR}
}

@misc{wooldridge2007,
  title={Difference-in-Differences Estimation},
  author={Wooldridge, JM},
  year={2007},
  publisher={{N}ational {B}ureau of {E}conomic {R}esearch (NBER)},
  howpublished = {\url{http://www.nber.org/minicourse3.html}},
  note = {[Online; accessed 06-June-2017]}
}

@article{bertrand2004much,
  title={How Much Should We Trust Differences-in-Differences Estimates?},
  author={Bertrand, Marianne and Duflo, Esther and Mullainathan, Sendhil},
  journal={The Quarterly Journal of Economics},
  volume={119},
  number={1},
  pages={249--275},
  year={2004},
  publisher={MIT Press}
}

@article{abadie2015comparative,
  title={Comparative Politics and the Synthetic Control Method},
  author={Abadie, Alberto and Diamond, Alexis and Hainmueller, Jens},
  journal={American Journal of Political Science},
  volume={59},
  number={2},
  pages={495--510},
  year={2015},
  publisher={Wiley Online Library}
}

@article{schmidhuber1997long,
  title={Long Short-Term Memory},
  author={Schmidhuber, J{\"u}rgen and Hochreiter, Sepp},
  journal={Neural Computation},
  volume={9},
  number={8},
  pages={1735--1780},
  year={1997}
}

@article{efron1986bootstrap,
  title={Bootstrap Methods for Standard Errors, Confidence Intervals, and Other Measures of Statistical Accuracy},
  author={Efron, Bradley and Tibshirani, Robert},
  journal={Statistical Science},
  pages={54--75},
  year={1986},
  publisher={JSTOR}
}

@book{davison1997bootstrap,
  title={Bootstrap Methods and their Application},
  author={Davison, Anthony Christopher and Hinkley, David Victor},
  volume={1},
  year={1997},
  publisher={Cambridge University Press}
}

@article{politis1994stationary,
  title={The Stationary Bootstrap},
  author={Politis, Dimitris N and Romano, Joseph P},
  journal={Journal of the American Statistical Association},
  volume={89},
  number={428},
  pages={1303--1313},
  year={1994},
  publisher={Taylor \& Francis Group}
}

@article{politis2004automatic,
  title={Automatic Block-Length Selection for the Dependent Bootstrap},
  author={Politis, Dimitris N and White, Halbert},
  journal={Econometric Reviews},
  volume={23},
  number={1},
  pages={53--70},
  year={2004},
  publisher={Taylor \& Francis}
}

@article{bourguignon2000oligarchy,
  title={Oligarchy, Democracy, Inequality and Growth},
  author={Bourguignon, Fran{\c{c}}ois and Verdier, Thierry},
  journal={Journal of Development Economics},
  volume={62},
  number={2},
  pages={285--313},
  year={2000},
  publisher={Elsevier}
}

@article{saint1993education,
  title={Education, Democracy and Growth},
  author={Saint-Paul, Gilles and Verdier, Thierry},
  journal={Journal of Development Economics},
  volume={42},
  number={2},
  pages={399--407},
  year={1993},
  publisher={Elsevier}
}

@article{perotti1993political,
  title={Political Equilibrium, Income Distribution, and Growth},
  author={Perotti, Roberto},
  journal={The Review of Economic Studies},
  volume={60},
  number={4},
  pages={755--776},
  year={1993},
  publisher={Wiley-Blackwell}
}

@article{acemoglu2000did,
  title={Why did the West Extend the Franchise? Democracy, Inequality, and Growth in Historical Perspective},
  author={Acemoglu, Daron and Robinson, James A},
  journal={The Quarterly Journal of Economics},
  volume={115},
  number={4},
  pages={1167--1199},
  year={2000},
  publisher={MIT Press}
}

@article{stoddard2009did,
  title={Why did Education Become Publicly Funded? Evidence from the Nineteenth-Century Growth of Public Primary Schooling in the United States},
  author={Stoddard, Christiana},
  journal={The Journal of Economic History},
  volume={69},
  number={1},
  pages={172--201},
  year={2009},
  publisher={Cambridge University Press}
}

@unpublished{atack2012impact,
  title={The Impact of Railroads on School Enrollment in Nineteenth Century America},
  author={Atack, Jeremy and Margo, Robert and Perlman, Elisabeth},
  publisher={Boston University},
  year={2012},
  howpublished={\url{http://elisabethperlman.net/papers/PerlmanMargoAtack_SchoolRR.html}}
}

@article{atack2011impact,
  title={The Impact of Access to Rail Transportation on Agricultural Improvement: The American Midwest as a Test Case, 1850-1860},
  author={Atack, Jeremy and Margo, Robert A},
  journal={Journal of Transport and Land Use},
  volume={4},
  number={2},
  year={2011}
}

@article{atack2010did,
  title={Did Railroads Induce or Follow Economic Growth?},
  author={Atack, Jeremy and Bateman, Fred and Haines, Michael and Margo, Robert A},
  journal={Social Science History},
  volume={34},
  number={2},
  pages={171--197},
  year={2010},
  publisher={Cambridge University Press}
}

@article{murtazashvili2016does,
  title={Does the Sequence of Land Reform and Political Reform Matter? Evidence from State-Building in Afghanistan},
  author={Murtazashvili, Ilia and Murtazashvili, Jennifer},
  journal={Conflict, Security \& Development},
  volume={16},
  number={2},
  pages={145--172},
  year={2016},
  publisher={Taylor \& Francis}
}

@book{murtazashvili2013political,
  title={The Political Economy of the American Frontier},
  author={Murtazashvili, Ilia},
  year={2013},
  publisher={New York, NY: Cambridge University Press}
}

@book{skowronek1982building,
  title={Building a New American State: The Expansion of National Administrative Capacities, 1877-1920},
  author={Skowronek, Stephen},
  year={1982},
  publisher={New York, NY: Cambridge University Press}
}

@book{albertus2015autocracy,
  title={Autocracy and Redistribution},
  author={Albertus, Michael},
  year={2015},
  publisher={New York, NY: Cambridge University Press}
}

@article{snyder2010digest,
  title={Digest of Education Statistics, 2009. NCES 2010-013.},
  author={Snyder, Thomas D and Dillow, Sally A},
  journal={National Center for Education Statistics},
  year={2010},
  publisher={ERIC}
}

@book{tilly1992coercion,
  title={Coercion, Capital, and European States, AD 990-1990},
  author={Tilly, Charles},
  year={1992},
  publisher={Oxford Blackwell}
}

@book{besley2011pillars,
  title={Pillars of Prosperity: The Political Economics of Development Clusters},
  author={Besley, Timothy and Persson, Torsten},
  year={2011},
  publisher={Princeton, NJ: Princeton University Press}
}

@article{novak2008myth,
  title={The Myth of the “Weak” American State},
  author={Novak, William J},
  journal={The American Historical Review},
  volume={113},
  number={3},
  pages={752--772},
  year={2008},
  publisher={Oxford University Press}
}

@inbook{novak2002legal,
  author={Novak, William J},
  year= {2002}, 
  chapter={The Legal Origins of the Modern American State}, 
  editor = {Sarat, Austin and Garth, Bryant, and Kagan, Robert A.}, 
  title= {Looking Back at Law’s Century}, 
  publisher= {Ithaca, NY: Cornell University Press}
}

@article{kunsch1989jackknife,
  title={The Jackknife and the Bootstrap for General Stationary Observations},
  author={Kunsch, Hans R},
  journal={The Annals of Statistics},
  pages={1217--1241},
  year={1989},
  publisher={JSTOR}
}

@article{engerman1972some,
  title={Some Economic Issues Relating to Railroad Subsidies and the Evaluation of Land Grants},
  author={Engerman, Stanley L},
  journal={The Journal of Economic History},
  volume={32},
  number={2},
  pages={443--463},
  year={1972},
  publisher={Cambridge University Press}
}

@article{panagopoulos2008field,
  title={Field Experiments Testing the Impact of Radio Advertisements on Electoral Competition},
  author={Panagopoulos, Costas and Green, Donald P},
  journal={American Journal of Political Science},
  volume={52},
  number={1},
  pages={156--168},
  year={2008},
  publisher={Wiley Online Library}
}

@misc{panagopoulos2008data,
  author={Panagopoulos, Costas and Green, Donald P},
  title = {Replication Materials for: `Field Experiments Testing the Impact of Radio Advertisements on Electoral Competition.'},
  year = {2008},
  note = {\url{http://hdl.handle.net/10079/bnzs7sk}. Accessed Oct. 25, 2017}
}

@article{hopkins2017retrospective,
  title={Retrospective Voting in Big-City US Mayoral Elections},
  author={Hopkins, Daniel J and Pettingill, Lindsay M},
  journal={Political Science Research and Methods},
  pages={1--18},
  year={2017},
  publisher={Cambridge University Press}
}


@misc{KFIKH8_2016,
  author = {Hopkins, Daniel},
  title = {Retrospective Voting in Big-City U.S. Mayoral Elections},
  year = {2016},
  note = {\url{http://dx.doi.org/10.7910/DVN/KFIKH8}. Accessed Oct. 25, 2017},
  }


@article{ferreira2009political,
  title={Do Political Parties Matter? Evidence from US Cities},
  author={Ferreira, Fernando and Gyourko, Joseph},
  journal={The Quarterly Journal of Economics},
  volume={124},
  number={1},
  pages={399--422},
  year={2009},
  publisher={MIT Press}
}

@misc{ferreira2017data,
  author={Ferreira, Fernando and Gyourko, Joseph},
  title = {Mayoral Elections Survey Data},
  year = {2017},
  note = {Received privately from Fernando Ferreira on Oct. 25, 2017},
}

@article{gerber2011mayors,
  title={When Mayors Matter: Estimating the Impact of Mayoral Partisanship on City Policy},
  author={Gerber, Elisabeth R and Hopkins, Daniel J},
  journal={American Journal of Political Science},
  volume={55},
  number={2},
  pages={326--339},
  year={2011},
  publisher={Wiley Online Library}
}

@techreport{vaver2011measuring,
title = {Measuring Ad Effectiveness Using Geo Experiments},
author  = {Jon Vaver and Jim Koehler},
year  = {2011},
URL = {http://googleresearch.blogspot.com/2011/12/measuring-ad-effectiveness-using-geo.html},
institution = {Google Inc.}
}

@techreport{vaver2012periodic,
title = {Periodic Measurement of Advertising Effectiveness Using Multiple-Test-Period Geo Experiments},
author  = {Jon Vaver and Jim Koehler},
year  = {2012},
institution = {Google Inc.}
}

@techreport{kerman2017,
title = {Estimating Ad Effectiveness using Geo Experiments in a Time-Based Regression Framework},
author  = {Jouni Kerman and Peng Wang and Jon Vaver},
year  = {2017},
institution = {Google, Inc.}
}

@inproceedings{cinar2017position,
  title={Position-Based Content Attention for Time Series Forecasting with Sequence-to-Sequence RNNs},
  author={Cinar, Yagmur Gizem and Mirisaee, Hamid and Goswami, Parantapa and Gaussier, Eric and A{\"i}t-Bachir, Ali and Strijov, Vadim},
  booktitle={International Conference on Neural Information Processing},
  pages={533--544},
  year={2017},
  organization={Springer}
}

@inproceedings{srivastava2015unsupervised,
  title={Unsupervised Learning of Video Representations using LSTMs},
  author={Srivastava, Nitish and Mansimov, Elman and Salakhudinov, Ruslan},
  booktitle={International Conference on Machine Learning},
  pages={843--852},
  year={2015}
}

@article{DBLP:journals/corr/RaffelE15,
  author    = {Colin Raffel and
               Daniel P. W. Ellis},
  title     = {Feed-Forward Networks with Attention Can Solve Some Long-Term Memory
               Problems},
  journal   = {CoRR},
  volume    = {abs/1512.08756},
  year      = {2015},
  url       = {http://arxiv.org/abs/1512.08756},
  archivePrefix = {arXiv},
  eprint    = {1512.08756},
  timestamp = {Wed, 07 Jun 2017 14:43:05 +0200},
  biburl    = {http://dblp.org/rec/bib/journals/corr/RaffelE15},
  bibsource = {dblp computer science bibliography, http://dblp.org}
}

@inproceedings{sutskever2014sequence,
  title={Sequence to Sequence Learning with Neural Networks},
  author={Sutskever, Ilya and Vinyals, Oriol and Le, Quoc V},
  booktitle={Advances in Neural Information Processing Systems},
  pages={3104--3112},
  year={2014}
}

@article{zhu2017deep,
   author = {{Zhu}, L. and {Laptev}, N.},
    title = "{Deep and Confident Prediction for Time Series at Uber}",
  journal = {ArXiv e-prints},
archivePrefix = "arXiv",
   eprint = {1709.01907},
 primaryClass = "stat.ML",
 keywords = {Statistics - Machine Learning},
     year = 2017,
    month = sep,
   adsurl = {http://adsabs.harvard.edu/abs/2017arXiv170901907Z},
  adsnote = {Provided by the SAO/NASA Astrophysics Data System}
}

@article{bahdanau2014neural,
   author = {{Bahdanau}, D. and {Cho}, K. and {Bengio}, Y.},
    title = "{Neural Machine Translation by Jointly Learning to Align and Translate}",
  journal = {ArXiv e-prints},
archivePrefix = "arXiv",
   eprint = {1409.0473},
 primaryClass = "cs.CL",
 keywords = {Computer Science - Computation and Language, Computer Science - Machine Learning, Computer Science - Neural and Evolutionary Computing, Statistics - Machine Learning},
     year = 2014,
    month = sep,
   adsurl = {http://adsabs.harvard.edu/abs/2014arXiv1409.0473B},
  adsnote = {Provided by the SAO/NASA Astrophysics Data System}
}

@article{cho2014learning,
   author = {{Cho}, K. and {van Merrienboer}, B. and {Gulcehre}, C. and {Bahdanau}, D. and 
	{Bougares}, F. and {Schwenk}, H. and {Bengio}, Y.},
    title = "{Learning Phrase Representations using RNN Encoder-Decoder for Statistical Machine Translation}",
  journal = {ArXiv e-prints},
archivePrefix = "arXiv",
   eprint = {1406.1078},
 primaryClass = "cs.CL",
 keywords = {Computer Science - Computation and Language, Computer Science - Machine Learning, Computer Science - Neural and Evolutionary Computing, Statistics - Machine Learning},
     year = 2014,
    month = jun,
   adsurl = {http://adsabs.harvard.edu/abs/2014arXiv1406.1078C},
  adsnote = {Provided by the SAO/NASA Astrophysics Data System}
}

@inproceedings{chorowski2015attention,
  title={Attention-Based Models for Speech Recognition},
  author={Chorowski, Jan K and Bahdanau, Dzmitry and Serdyuk, Dmitriy and Cho, Kyunghyun and Bengio, Yoshua},
  booktitle={Advances in Neural Information Processing Systems},
  pages={577--585},
  year={2015}
}

@article{vinyals2014grammar,
   author = {{Vinyals}, O. and {Kaiser}, L. and {Koo}, T. and {Petrov}, S. and 
	{Sutskever}, I. and {Hinton}, G.},
    title = "{Grammar as a Foreign Language}",
  journal = {ArXiv e-prints},
archivePrefix = "arXiv",
   eprint = {1412.7449},
 primaryClass = "cs.CL",
 keywords = {Computer Science - Computation and Language, Computer Science - Machine Learning, Statistics - Machine Learning},
     year = 2014,
    month = dec,
   adsurl = {http://adsabs.harvard.edu/abs/2014arXiv1412.7449V},
  adsnote = {Provided by the SAO/NASA Astrophysics Data System}
}


@article{naul2017stars,
  Author = {Naul, Brett and Bloom, Joshua S. and P{\'e}rez, Fernando and van der Walt, St{\'e}fan},
  Da = {2017/11/27},
  Date-Added = {2017-11-27 19:57:24 +0000},
  Date-Modified = {2017-11-27 19:57:24 +0000},
  Doi = {10.1038/s41550-017-0321-z},
  Id = {Naul2017},
  Isbn = {2397-3366},
  Journal = {Nature Astronomy},
  Title = {A Recurrent Neural Network for Classification of Unevenly Sampled Variable Stars},
  Url = {https://doi.org/10.1038/s41550-017-0321-z},
  Year = {2017}
  }

  @article{aguiar2012cycles,
  title={Cycles in Politics: Wavelet Analysis of Political Time Series},
  author={Aguiar-Conraria, Lu{\'\i}s and Magalh{\~a}es, Pedro C and Soares, Maria Joana},
  journal={American Journal of Political Science},
  volume={56},
  number={2},
  pages={500--518},
  year={2012},
  publisher={Wiley Online Library}
}

@article{scott2014predicting,
  title={Predicting the Present with Bayesian Structural Time Series},
  author={Scott, Steven L and Varian, Hal R},
  journal={International Journal of Mathematical Modelling and Numerical Optimisation},
  volume={5},
  number={1-2},
  pages={4--23},
  year={2014},
  publisher={Inderscience Publishers Ltd}
}

@article{xu2017generalized,
  title={Generalized Synthetic Control Method: Causal Inference with Interactive Fixed Effects Models},
  author={Xu, Yiqing},
  journal={Political Analysis},
  volume={25},
  number={1},
  pages={57--76},
  year={2017},
  publisher={Cambridge University Press}
}

@misc{ferman2016revisiting,
  title={Revisiting the Synthetic Control Estimator},
  author={Ferman, Bruno and Pinto, Cristine},
  year={2016},
  note={Available at \url{https://mpra.ub.uni-muenchen.de/81941/}}
  }

@article{hsiao2012panel,
  title={A Panel Data Approach for Program Evaluation: Measuring the Benefits of Political and Economic Integration of Hong Kong with Mainland China},
  author={Hsiao, Cheng and Steve Ching, H and Ki Wan, Shui},
  journal={Journal of Applied Econometrics},
  volume={27},
  number={5},
  pages={705--740},
  year={2012},
  publisher={Wiley Online Library}
}

@article{lipton2015learning,
  title={Learning to Diagnose with LSTM Recurrent Neural Networks},
  author={Lipton, Zachary C and Kale, David C and Elkan, Charles and Wetzell, Randall},
  journal={arXiv:1511.03677},
  year={2015}
}

@article{ramsundar2015massively,
  title={Massively Multitask Networks for Drug Discovery},
  author={Ramsundar, Bharath and Kearnes, Steven and Riley, Patrick and Webster, Dale and Konerding, David and Pande, Vijay},
  journal={arXiv:1502.02072},
  year={2015}
}

@article{luong2015multi,
  title={Multi-task Sequence to Sequence Learning},
  author={Luong, Minh-Thang and Le, Quoc V and Sutskever, Ilya and Vinyals, Oriol and Kaiser, Lukasz},
  journal={arXiv:1511.06114},
  year={2015}
}

@techreport{bazzi2017frontier,
  title={Frontier Culture: The Roots and Persistence of ``Rugged Individualism'' in the United States},
  author={Bazzi, Samuel and Fiszbein, Martin and Gebresilasse, Mesay},
  year={2017},
  institution={National Bureau of Economic Research}
}

@unpublished{garcia2009myth,
  title={The Myth of the Frontier},
  author={Garcia-Jimeno, Camilo and Robinson, James A},
  year={2009},
  howpublished={National Bureau of Economic Research}
}

@unpublished{dube2015pooling,
  title={Pooling Multiple Case Studies Using Synthetic Controls: An Application to Minimum Wage Policies},
  author={Dube, Arindrajit and Zipperer, Ben},
  year={2015},
  howpublished={IZA Discussion Paper No. 8944}
}

@article{belich2010exploding,
  title={Exploding Wests: Boom and Bust in Nineteenth-Century Settler Societies},
  author={Belich, James},
  journal={Natural Experiments of History},
  pages={53--87},
  year={2010}
}

@article{stewart2006migration,
  title={Migration to the Agricultural Frontier and Wealth Accumulation, 1860--1870},
  author={Stewart, James I},
  journal={Explorations in Economic History},
  volume={43},
  number={4},
  pages={547--577},
  year={2006},
  publisher={Elsevier}
}

@article{deverell1988loosen,
  title={To Loosen the Safety Valve: Eastern Workers and Western Lands},
  author={Deverell, William F},
  journal={The Western Historical Quarterly},
  volume={19},
  number={3},
  pages={269--285},
  year={1988},
  publisher={JSTOR}
}

@article{shanks2005homestead,
  title={The Homestead Act: A Major Asset-Building Policy in American History},
  author={Shanks, Trina RW},
  journal={Inclusion in the American Dream: Assets, Poverty, and Public Policy},
  pages={20--41},
  year={2005},
  publisher={Oxford University Press New York}
}

@book{robbins1962our,
  title={Our Landed Heritage: The Public Domain 1776-1936},
  author={Robbins, Roy M},
  year={1976},
  origdate={1942},
  publisher={Lincoln, Neb.: Univ. of Nebraska Pr.}
}

@unpublished{suryanarayan2017hollowing,
  title={Hollowing Out the State: Franchise Expansion and Fiscal Capacity in Colonial India},
  author={Suryanarayan, Pavithra},
  howpublished = {\url{https://ssrn.com/abstract=2951947}},
  year={2017}
}

@article{lieberman2002taxation,
  title={Taxation Data as Indicators of State-Society Relations: Possibilities and Pitfalls in Cross-National Research},
  author={Lieberman, Evan S},
  journal={Studies in Comparative International Development},
  volume={36},
  number={4},
  pages={89--115},
  year={2002},
  publisher={Springer}
}

@article{acemoglu2011emergence,
  title={Emergence and Persistence of Inefficient States},
  author={Acemoglu, Daron and Ticchi, Davide and Vindigni, Andrea},
  journal={Journal of the European Economic Association},
  volume={9},
  number={2},
  pages={177--208},
  year={2011},
  publisher={Oxford University Press}
}

@article{mares2015non,
  title={The Non-Democratic Origins of Income Taxation},
  author={Mares, Isabela and Queralt, Didac},
  journal={Comparative Political Studies},
  volume={48},
  number={14},
  pages={1974--2009},
  year={2015},
  publisher={SAGE Publications Sage CA: Los Angeles, CA}
}

@book{ansell2015,
  title={Inequality and Democratization: An Elite Competition Approach},
  author={Ansell, Ben and Samuels, David J},
  year={2015},
  publisher={New York, NY: Cambridge University Press}
}

@book{boix2003democracy,
  title={Democracy and Redistribution},
  author={Boix, Carles},
  year={2003},
  publisher={New York, NY: Cambridge University Press}
}

@article{ziblatt2008does,
  title={Does Landholding Inequality Block Democratization?: A Test of the “Bread and Democracy” Thesis and the Case of Prussia},
  author={Ziblatt, Daniel},
  journal={World Politics},
  volume={60},
  number={4},
  pages={610--641},
  year={2008},
  publisher={Cambridge University Press}
}

@book{greene1986peripheries,
  title={Peripheries and Center: Constitutional Development in the Extended Polities of the British Empire and the United States, 1607-1788},
  author={Greene, Jack P},
  year={1986},
  publisher={Athens, GA: University of Georgia Press}
}

@article{poulos2016missing,
  title={Missing Data Imputation for Supervised Learning},
  author={Poulos, Jason and Valle, Rafael},
  journal={arXiv:1610.09075},
  year={2016}
}

@article{poulos2018missing,
  title={Missing Data Imputation for Supervised Learning},
  author={Poulos, Jason and Valle, Rafael},
  journal={Applied Artificial Intelligence},
  volume={32},
  number={2},
  pages={186--196},
  year={2018},
  publisher={Taylor \& Francis}
}

@article{esteban2017real,
  title={Real-valued (Medical) Time Series Generation with Recurrent Conditional GANs},
  author={Esteban, Crist{\'o}bal and Hyland, Stephanie L and R{\"a}tsch, Gunnar},
  journal={arXiv:1706.02633},
  year={2017}
}

@article{mogren2016c,
  title={C-RNN-GAN: Continuous Recurrent Neural Networks with Adversarial Training},
  author={Mogren, Olof},
  journal={arXiv:1611.09904},
  year={2016}
}

@inproceedings{salimans2016improved,
  title={Improved Techniques for Training {GAN}s},
  author={Salimans, Tim and Goodfellow, Ian and Zaremba, Wojciech and Cheung, Vicki and Radford, Alec and Chen, Xi},
  booktitle={Advances in Neural Information Processing Systems},
  pages={2234--2242},
  year={2016}
}

@misc{ferman2018cherry,
  title={Cherry picking with synthetic controls},
  author={Ferman, Bruno and Pinto, Cristine and Possebom, Vitor},
  year={2018},
  note={Available at: \url{https://mpra.ub.uni-muenchen.de/85138/1/MPRA_paper_85138.pdf}}
}

@misc{firpo2017synthetic,
  title={Synthetic Control Method: Inference, Sensitivity Analysis and Confidence Sets},
  author={Firpo, Sergio and Possebom, Vitor},
  year={2017},
  note={Available at: \url{https://www.dropbox.com/s/za7tn07hzizkk98/firpo_possebom_2016_synthetic-control-estimator-a-generalized-inference-procedure-and-confidence-sets.pdf}}
}

@misc{ferman2016revisiting,
  title={Revisiting the synthetic control estimator},
  author={Ferman, Bruno and Pinto, Cristine},
  year={2016},
  note={Available at \url{https://mpra.ub.uni-muenchen.de/81941/1/MPRA_paper_81941.pdf}}
  }

  @article{klossner2017comparative,
  title={Comparative Politics and the Synthetic Control Method Revisited: A Note on {A}badie et al. (2015)},
  author={Kl{\"o}{\ss}ner, Stefan and Kaul, Ashok and Pfeifer, Gregor and Schieler, Manuel},
  journal={Swiss Journal of Economics and Statistics},
  year={2017}
}

@article{xu2017generalized,
  title={Generalized synthetic control method: Causal inference with interactive fixed effects models},
  author={Xu, Yiqing},
  journal={Political Analysis},
  volume={25},
  number={1},
  pages={57--76},
  year={2017},
  publisher={Cambridge University Press}
}

@article{doudchenko2016balancing,
   author = {{Doudchenko}, N. and {Imbens}, G.~W.},
    title = "{Balancing, Regression, Difference-In-Differences and Synthetic Control Methods: A Synthesis}",
  journal = {ArXiv e-prints},
archivePrefix = "arXiv",
   eprint = {1610.07748},
 primaryClass = "stat.AP",
 keywords = {Statistics - Applications, Statistics - Machine Learning},
     year = 2016,
    month = oct,
   adsurl = {http://adsabs.harvard.edu/abs/2016arXiv161007748D},
  adsnote = {Provided by the SAO/NASA Astrophysics Data System}
}

@article{athey2017matrix,
   author = {{Athey}, S. and {Bayati}, M. and {Doudchenko}, N. and {Imbens}, G. and 
	{Khosravi}, K.},
    title = "{Matrix Completion Methods for Causal Panel Data Models}",
  journal = {ArXiv e-prints},
archivePrefix = "arXiv",
   eprint = {1710.10251},
 primaryClass = "math.ST",
 keywords = {Mathematics - Statistics Theory, Economics - Econometrics},
     year = 2017,
    month = oct,
   adsurl = {http://adsabs.harvard.edu/abs/2017arXiv171010251A},
  adsnote = {Provided by the SAO/NASA Astrophysics Data System}
}

@ARTICLE{2017arXiv171204046P,
       author = {{Poulos}, Jason and {Valle}, Rafael},
        title = "{Attention networks for image-to-text}",
      journal = {arXiv e-prints},
     keywords = {Computer Science - Computer Vision and Pattern Recognition, Computer Science - Computation and Language, Statistics - Machine Learning},
         year = "2017",
        month = "Dec",
          eid = {arXiv:1712.04046},
        pages = {arXiv:1712.04046},
archivePrefix = {arXiv},
       eprint = {1712.04046},
 primaryClass = {cs.CV},
       adsurl = {https://ui.adsabs.harvard.edu/\#abs/2017arXiv171204046P},
      adsnote = {Provided by the SAO/NASA Astrophysics Data System}
}

@misc{kaul2015synthetic,
  title={Synthetic Control Methods: Never Use All Pre-Intervention Outcomes Together With Covariates},
  author={Kaul, Ashok and Kl{\"o}{\ss}ner, Stefan and Pfeifer, Gregor and Schieler, Manuel},
  year={2015}, 
  note={Available at: \url{http://www.oekonometrie.uni-saarland.de/papers/SCM_Predictors.pdf}}
}

@article{mogren2016c,
  title={C-RNN-GAN: Continuous recurrent neural networks with adversarial training},
  author={Mogren, Olof},
  journal={arXiv:1611.09904},
  year={2016}
}

@article{yahi2017generative,
  title={Generative Adversarial Networks for Electronic Health Records: A Framework for Exploring and Evaluating Methods for Predicting Drug-Induced Laboratory Test Trajectories},
  author={Yahi, Alexandre and Vanguri, Rami and Elhadad, No{\'e}mie and Tatonetti, Nicholas P},
  journal={arXiv:1712.00164},
  year={2017}
}

@inproceedings{yu2017seqgan,
  title={SeqGAN: Sequence Generative Adversarial Nets with Policy Gradient},
  author={Yu, Lantao and Zhang, Weinan and Wang, Jun and Yu, Yong},
  booktitle={AAAI},
  pages={2852--2858},
  year={2017}
}

@article{ghosh2016contextual,
  title={Contextual {RNN-GAN}s for abstract reasoning diagram generation},
  author={Ghosh, Arnab and Kulharia, Viveka and Mukerjee, Amitabha and Namboodiri, Vinay and Bansal, Mohit},
  journal={arXiv:1609.09444},
  year={2016}
}

@article{press2017language,
  title={Language generation with recurrent generative adversarial networks without pre-training},
  author={Press, Ofir and Bar, Amir and Bogin, Ben and Berant, Jonathan and Wolf, Lior},
  journal={arXiv:1706.01399},
  year={2017}
}

@ARTICLE{2017arXiv171203553P,
   author = {{Poulos}, Jason},
    title = "{RNN-Based Counterfactual Time-Series Prediction}",
  journal = {ArXiv e-prints},
archivePrefix = "arXiv",
   eprint = {1712.03553},
 primaryClass = "stat.ML",
 keywords = {Statistics - Machine Learning, Economics - Econometrics, Statistics - Applications},
     year = 2017,
    month = dec,
   adsurl = {http://adsabs.harvard.edu/abs/2017arXiv171203553P},
  adsnote = {Provided by the SAO/NASA Astrophysics Data System}
}

@article{tibshirani1996regression,
  title={Regression shrinkage and selection via the lasso},
  author={Tibshirani, Robert},
  journal={Journal of the Royal Statistical Society. Series B (Methodological)},
  pages={267--288},
  year={1996},
  publisher={JSTOR}
}

@inproceedings{salimans2016improved,
  title={Improved techniques for training {GAN}s},
  author={Salimans, Tim and Goodfellow, Ian and Zaremba, Wojciech and Cheung, Vicki and Radford, Alec and Chen, Xi},
  booktitle={Advances in Neural Information Processing Systems},
  pages={2234--2242},
  year={2016}
}

@article{kingma2013auto,
  title={Auto-encoding variational bayes},
  author={Kingma, Diederik P and Welling, Max},
  journal={arXiv:1312.6114},
  year={2013}
}

@inproceedings{kingma2014semi,
  title={Semi-supervised learning with deep generative models},
  author={Kingma, Diederik P and Mohamed, Shakir and Rezende, Danilo Jimenez and Welling, Max},
  booktitle={Advances in Neural Information Processing Systems},
  pages={3581--3589},
  year={2014}
}

@inproceedings{chung2015recurrent,
  title={A Recurrent Latent Variable Model for Sequential Data},
  author={Chung, Junyoung and Kastner, Kyle and Dinh, Laurent and Goel, Kratarth and Courville, Aaron C and Bengio, Yoshua},
  booktitle={Advances in Neural Information Processing Systems},
  pages={2980--2988},
  year={2015}
}

@article{bowman2015generating,
  title={Generating Sentences from a Continuous Space},
  author={Bowman, Samuel R and Vilnis, Luke and Vinyals, Oriol and Dai, Andrew M and Jozefowicz, Rafal and Bengio, Samy},
  journal={arXiv:1511.06349},
  year={2015}
}

@article{fabius2014variational,
  title={Variational recurrent auto-encoders},
  author={Fabius, Otto and van Amersfoort, Joost R},
  journal={arXiv:1412.6581},
  year={2014}
}

@article{benjamini1995controlling,
  title={Controlling the false discovery rate: a practical and powerful approach to multiple testing},
  author={Benjamini, Yoav and Hochberg, Yosef},
  journal={Journal of the Royal Statistical Society. Series B (Methodological)},
  pages={289--300},
  year={1995},
  publisher={JSTOR}
}

@book{little2014statistical,
  title={Statistical Analysis with Missing Data},
  author={Little, Roderick JA and Rubin, Donald B},
  volume={333},
  year={2014},
  publisher={John Wiley \& Sons}
}

@article{cavallo2013catastrophic,
  title={Catastrophic Natural Disasters and Economic Growth},
  author={Cavallo, Eduardo and Galiani, Sebastian and Noy, Ilan and Pantano, Juan},
  journal={Review of Economics and Statistics},
  volume={95},
  number={5},
  pages={1549--1561},
  year={2013},
  publisher={MIT Press}
}

@ARTICLE{xsede,
author = {J. Towns and T. Cockerill and M. Dahan and I. Foster and K. Gaither and A. Grimshaw and V. Hazlewood and S. Lathrop and D. Lifka and G. D. Peterson and R. Roskies and J. R. Scott and N. Wilkins-Diehr},
journal = {Computing in Science \& Engineering},
title = {XSEDE: Accelerating Scientific Discovery},
year = {2014},
volume = {16},
number = {5},
pages = {62-74},
keywords={Knowledge discovery;Scientific computing;Digital systems;Materials engineering;Supercomputers},
doi = {10.1109/MCSE.2014.80},
url = {doi.ieeecomputersociety.org/10.1109/MCSE.2014.80},
ISSN = {1521-9615},
month={Sept.-Oct.}
}

@misc{chollet2015keras,
  title={Keras},
  author={Chollet, Fran\c{c}ois and others},
  year={2015},
  howpublished={\url{https://keras.io}},
}

@misc{tensorflow2015-whitepaper,
title={ {TensorFlow}: Large-Scale Machine Learning on Heterogeneous Systems},
url={https://www.tensorflow.org/},
note={Software available from tensorflow.org},
author={
    Mart{\'{\i}}n~Abadi and
    Ashish~Agarwal and
    Paul~Barham and
    Eugene~Brevdo and
    Zhifeng~Chen and
    Craig~Citro and
    Greg~S.~Corrado and
    Andy~Davis and
    Jeffrey~Dean and
    Matthieu~Devin and
    Sanjay~Ghemawat and
    Ian~Goodfellow and
    Andrew~Harp and
    Geoffrey~Irving and
    Michael~Isard and
    Yangqing Jia and
    Rafal~Jozefowicz and
    Lukasz~Kaiser and
    Manjunath~Kudlur and
    Josh~Levenberg and
    Dandelion~Man{\'{e}} and
    Rajat~Monga and
    Sherry~Moore and
    Derek~Murray and
    Chris~Olah and
    Mike~Schuster and
    Jonathon~Shlens and
    Benoit~Steiner and
    Ilya~Sutskever and
    Kunal~Talwar and
    Paul~Tucker and
    Vincent~Vanhoucke and
    Vijay~Vasudevan and
    Fernanda~Vi{\'{e}}gas and
    Oriol~Vinyals and
    Pete~Warden and
    Martin~Wattenberg and
    Martin~Wicke and
    Yuan~Yu and
    Xiaoqiang~Zheng},
  year={2015},
}
